738 1221
233 70 318 82 urniorum
328 69 445 81 wenni-rusia.
588 63 623 80 225

53 104 109 127 Croph
119 104 227 126 burcgravius
237 104 286 121 castri
295 104 359 122 Trifels.
376 104 486 126 Marquardus
497 104 591 122 schultetus
601 105 622 122 de

54 128 169 152 Oppenlieim,
179 129 238 146 fideles
246 129 308 151 nostn',
317 130 335 146 et
343 129 371 146 alii
379 133 428 151 quam
437 129 498 151 plures.

92 154 114 171 Ut
126 154 177 175 igitui-
190 154 272 176 premissa
285 154 382 176 supradicta
394 154 458 171 civibus
470 154 622 172 Wormatiensibus

55 178 190 200 irrefragabiliter
199 179 317 201 observentur,
327 183 358 196 nos
367 183 438 201 presens
445 179 525 201 scriptum
533 179 584 201 sigilli
590 184 622 196 no-

55 204 85 220 stri
94 204 183 220 munimine
192 203 269 220 duximus
278 203 394 220 roborandum*
407 203 467 220 Actum
477 205 493 221 et
502 203 558 221 datum
568 204 584 221 in
593 208 623 221 ea-

57 228 96 245 stris
107 228 151 250 apud
164 228 280 251 wormatiam,
290 232 335 245 anno
346 228 428 245 dominice
438 228 558 246 incarnationis
567 229 623 246 mille-

58 253 100 270 simo
109 253 176 275 cdxlii„
186 253 208 269 vi.
217 253 250 270 Καὶ.
259 253 333 275 augusti,
343 257 370 270 xv.
382 252 482 270 indictionis.

87 285 109 300 1⁴2.
120 285 179 301 Conrad
191 285 210 301 lv
224 285 322 300 benrkundet
335 285 365 301 den
379 285 456 301 zwlselien
470 285 499 301 den
513 285 580 304 hui-gem
594 289 624 305 ven

119 306 179 322 Worrns
193 306 221 321 auf
233 306 261 321 der
275 307 319 322 einen
330 306 361 321 und
376 306 410 321 dem
426 306 579 322 relehshoscamrnrer
589 306 624 322 Phl-

118 326 149 346 llpp
164 330 193 342 von
204 326 289 342 Hohenrels
299 326 331 342 vani*
344 326 371 342 der
382 326 440 342 nudem
451 327 489 342 scite
503 331 522 342 zu
532 327 588 343 sumde
598 331 624 346 ge-

118 347 191 363 bruchton
201 347 336 363 frledenssehluss.
356 347 411 367 Speler
423 347 462 363 124⁸
472 348 502 363 lan.
513 347 538 362 23.

98 376 182 394 Cnuradus
199 376 233 394 divi
246 377 313 398 augusti
327 377 430 399 imperatoris
447 377 525 394 Friderici
539 376 581 394 iilius
597 377 624 394 dei

62 401 115 422 gracia
127 401 237 419 Romanorum
249 402 267 418 in
280 406 336 423 regem
350 401 422 424 electus,
435 406 501 424 semper
513 403 595 423 augustus
608 404 625 419 et

63 425 109 442 heres
121 427 166 448 regni
181 426 280 443 Jerusalem.
298 426 328 443 Per
341 430 412 448 presens
425 427 503 448 scriptum
516 428 573 443 notum
585 431 624 444 esse

62 450 133 468 volumus
145 451 229 468 universis
237 450 244 470 ΙΙ
251 451 314 473 imperii
323 451 405 468 fidelihus
418 453 450 468 tam
459 451 565 473 presentibus
575 455 624 473 quam

62 474 125 498 futuris,
135 475 180 498 quod
188 480 225 493 cum
234 476 277 493 inter
284 476 330 493 cives
340 477 357 493 et
364 475 423 493 fideles
432 478 500 493 nostros
507 476 623 493 warmacien-

63 504 91 517 ses
102 501 117 517 et
127 500 218 523 Philippum
228 500 250 517 de
258 500 356 518 Hohenvels
366 501 456 523 imperialis
467 501 505 518 aule
517 501 624 518 camerarium

62 524 124 546 publica
130 525 214 542 discordia
221 527 321 547 verteretur,
328 524 336 546 11
343 525 364 542 de
373 525 451 543 mandato
458 527 475 543 et
482 525 585 548 plenitudine
592 530 624 543 vo-

62 549 125 566 luntatis
133 552 190 567 nostre
201 554 221 567 uc
230 550 361 567 consiliariorum
371 552 475 572 nostrorum,
487 550 565 567 videlicet
574 550 624 567 Kraf-

63 574 105 591 tonis
116 574 135 592 de
144 575 263 597 Bocgeslierg,
277 574 348 592 Cunradi
361 575 440 597 pincerne
453 575 474 592 de
488 575 597 597 Clinginberg
609 577 626 592 et

63 599 128 616 Walteri
137 600 217 622 pincerne
227 599 248 617 de
257 599 293 617 Lim
300 598 308 620 ll
315 599 374 622 borch,
384 600 465 617 amicabili
480 601 550 617 tractatu
563 604 624 622 super-

61 624 141 646 veniente,
150 624 172 642 ad
180 624 275 642 huiusmodi
282 626 349 647 pactum
355 625 403 647 pacis
411 627 428 642 et
436 624 480 642 iirme
487 624 578 642 concordie
586 629 625 646 per·

61 651 140 666 venerunt
147 650 163 666 in
172 650 257 671 presentia
265 651 327 667 nostra.
340 649 422 666 Videlicet
430 649 475 671 quod
484 649 558 666 Jacobus
570 649 624 666 dictus

60 673 105 695 Rapa
112 673 199 697 deAlzeia,
209 679 219 691 a
228 678 261 696 quo
269 674 306 696 ipsa
314 674 399 691 discordia
406 675 478 696 sumpsit
486 674 578 696 exordium,
587 674 624 691 feo—

60 698 98 715 dum
111 703 158 716 suum
169 700 257 716 castrense
270 699 291 716 ad
303 698 383 721 Lapidem
396 700 413 716 et
425 704 473 716 omne
484 699 510 716 ius
520 698 566 721 quod
575 699 625 716 habet

59 722 118 740 ibidem
128 723 220 745 resignabit
227 724 322 746 Simpliciter
330 725 347 741 et
353 724 424 746 precise,
434 726 450 741 et
458 724 503 741 omni
513 723 599 741 hostilitati
608 726 625 740 et

58 748 119 765 actioni
130 753 173 770 quas
185 748 236 765 habet
248 748 330 766 adversus
342 748 441 766 Landolsum
453 748 565 765 venerabilem
576 749 624 771 epis-

58 777 116 795 copum
135 773 280 790 Warmnciensem
299 773 390 796 principem
412 775 486 790 nostrum
503 775 520 790 et
535 773 624 790 ecclesiam

60 797 200 815 Wannaoiensem
211 799 228 815 et
236 798 361 815 universitatem
371 797 445 815 eiusdem
454 798 525 815 civitatis
535 798 625 815 renuncia-

58 822 83 839 hit
95 823 167 840 omnino.
186 823 227 840 Item
243 822 297 840 dictus
311 823 410 840 camerarius
426 823 487 840 iurabit
500 827 536 839 cum
548 823 577 840 xix
588 823 625 840 aliis

58 847 146 870 militibus,
158 847 204 869 quod
214 848 251 870 ipse
265 849 282 864 et
296 852 354 865 omncs
367 847 415 864 nmini
431 847 457 864 sui
471 852 514 869 quos
525 848 557 864 ista
571 848 626 869 tetigit

57 871 154 895 discordia,
167 872 213 889 omni
225 876 295 889 rancore
305 874 321 889 et
328 872 417 889 inimicicia
427 874 486 889 conti-a
496 871 567 889 eundem
576 872 625 894 cpis-

57 901 117 919 copum
129 899 146 914 et
164 896 233 914 eosdem
246 897 292 914 cives
307 897 389 919 dimissis,
407 897 488 919 deinceps
505 901 562 913 eorum
577 899 625 914 erunt

59 922 115 944 amici,
130 924 148 939 et
158 922 204 944 quod
215 922 275 939 factum
286 924 313 939 est
321 926 405 944 nunquam
413 921 521 939 vindicabunt
530 926 561 938 nec
569 922 626 939 vindi-

57 947 92 963 cari
102 946 221 968 procurabunt.
234 947 270 964 Tali
279 946 359 963 videlicet
366 946 462 963 conditione
473 946 547 969 adiecta,
558 947 602 968 quod
611 947 625 964 si

58 971 79 988 ab
90 971 146 993 aliqua
153 972 223 993 partium
233 971 320 988 coreordia
327 972 364 993 ipsu
370 971 442 988 extiterit
450 973 511 988 temere
521 971 589 994 violata,
596 976 626 994 per

57 996 135 1013 Karalum
149 995 170 1013 de
183 996 289 1018 Kidenheim,
300 995 395 1013 Heinricum
408 996 429 1013 de
438 995 553 1018 Hephenheim
566 998 583 1013 et
592 996 626 1018 Sy-

57 1025 123 1038 monem
134 1021 155 1038 de
166 1021 254 1038 Guntheim
264 1025 285 1038 ex
293 1022 340 1043 parte
351 1021 404 1043 ipsius
413 1021 499 1043 Phylippi,
509 1023 525 1038 et
534 1025 564 1043 per
574 1021 625 1038 Wul-

56 1045 125 1063 sramum
139 1046 215 1068 militem,
238 1045 333 1062 Cunraduin
346 1045 436 1063 Thiroli'um
453 1047 470 1062 ct
481 1045 593 1063 Eberhardum
609 1046 625 1062 ln

56 1070 94 1087 vioo
106 1070 153 1087 Lane
169 1075 200 1092 pro
217 1072 263 1092 parte
278 1070 339 1087 civium
353 1070 503 1088 Wormacieusium
517 1071 590 1092 electos,
609 1072 626 1087 et

72 1100 144 1112 Douma
153 1100 215 1112 nonnis.
224 1101 236 1112 π.
511 1098 527 1111 ¹5
