738 1221
248 68 266 79 Kx
277 68 340 80 narnao
351 68 432 80 uouunsr.
587 60 622 78 37⁷

53 103 96 120 ferro
103 103 120 120 in
128 102 206 120 Sueviarn
215 102 307 120 deducitur.
314 102 350 120 Neo
355 103 406 119 multo
415 104 454 125 post
463 103 574 120 Colonienses
583 107 620 120 curn
631 105 664 119 12⁰6

54 132 95 149 rege
109 127 185 150 Philippo
197 129 308 149 oornponunt,
320 129 337 144 et
349 127 370 144 ah
383 127 445 144 Otlone
457 132 507 150 rege,
516 127 543 144 eui
553 127 580 144 diu
589 127 623 144 ad-

53 153 143 174 heserant,
157 152 236 169 fidelitate
249 153 342 174 postposita
356 152 442 169 recedunt„
454 152 493 174 lpse
502 156 542 169 vero
552 156 562 169 a
571 152 623 169 Colo-

54 177 81 194 nia
91 181 128 194 oum
137 177 204 199 pauciS,
215 176 280 198 lingens
290 181 309 193 se
318 177 340 194 ad
349 177 411 194 curiam
420 177 471 194 Suevi
479 177 548 199 iturum,
562 176 623 194 callide

53 202 115 223 exivit,
125 203 142 218 et
151 202 168 218 ia
177 202 249 218 castrum
258 201 341 223 quondam
353 202 403 224 patris
412 202 438 218 sui
449 201 495 223 quod
506 201 586 218 Brunsvic
595 201 623 218 di-

54 227 97 243 citur
106 230 126 243 se
135 226 210 243 contulit.
223 226 291 243 Rhenus
302 227 374 248 aperitur
385 228 402 243 et
413 226 465 243 libera
476 226 504 243 via
516 226 594 243 euntibus
606 227 623 243 et

54 250 165 268 redeuntibus
174 250 271 268 conceditur
280 264 284 267 .
294 264 297 267 .
306 264 310 267 .

92 275 143 292 Anno
152 275 214 292 domini
223 276 296 292 mccxli.
305 275 322 292 in
330 275 444 297 purificatione
454 276 512 292 sancte
520 275 572 292 Marie
581 274 623 297 [seh.

55 299 75 323 2]
89 305 100 317 a
113 304 153 322 rege
165 300 240 322 Philippo
256 300 300 317 curia
312 299 415 322 celebratur,
427 299 449 317 de
462 304 504 322 paee
517 298 623 317 Coloniensi¹

56 326 140 342 tractatur.
153 324 191 342 Alia
203 325 249 342 ouria
260 325 321 342 Letare
333 324 426 342 Jerusalem
438 323 481 347 [apr.
492 324 511 347 1]
524 325 623 342 nominatur.

55 349 80 366 De
90 349 125 366 lilia
136 349 206 372 Philippi
217 350 263 371 regis
276 351 292 366 et
305 349 338 367 fillo
349 349 422 366 Heinrioi
431 349 478 366 ducis
487 349 576 366 Brabanlie
585 354 623 366 rna-

55 374 150 391 trimonium
163 374 247 391 ordinatur
256 376 273 391 el,
283 375 375 391 iuramento
384 374 489 391 confirmatur
498 387 501 390 .
511 387 515 390 ,
524 387 527 390 .
536 374 574 391 Duo
584 378 623 391 car-

55 399 122 416 dinales
131 403 141 415 a
150 403 194 421 papa
203 399 300 416 Innocentio
309 399 326 416 in
335 398 455 416 Allemanniam
465 399 549 415 mittuntur
557 400 575 415 ut
581 403 624 415 eon-

56 423 130 441 eordiam
143 424 186 441 inter
197 428 254 445 regem
265 423 342 440 Ottonem
357 425 374 440 et
386 423 476 445 Philippum
489 423 561 440 Saevum
576 422 623 440 face-

55 450 101 470 rent;
111 448 143 465 sed
151 452 184 465 non
190 447 301 470 profecerunt.
310 448 422 465 colonienses
431 452 452 465 ex
461 448 527 469 integro
540 448 576 469 regi
583 447 624 464 Phi-

55 473 101 495 lippo
116 473 253 495 reconciliantur,
266 473 341 495 exceptis
352 473 427 494 clericis,
440 474 457 489 et
467 472 494 489 via
504 472 556 489 Rheni
568 472 623 494 aperi-

56 499 81 515 tur
90 510 94 514 Δ
104 511 108 514 .
118 511 122 514 .
134 497 235 514 Ludewicus
248 502 305 515 comes
316 497 337 514 de
347 497 382 514 Los
393 497 470 519 Angliain
483 497 582 519 ingreditur,
595 501 624 514 re-

56 527 95 544 gern
106 527 137 544 pro
148 526 200 539 uxore
213 527 243 539 sua
252 526 285 544 que
295 522 317 539 ibi
325 523 374 544 capta
383 522 471 539 tenebatur
480 521 576 544 alloquitur,
586 523 624 538 tan-

56 547 94 564 dem
102 547 153 564 hamo
162 551 203 564 suus
214 546 268 570 sactus
276 549 293 564 et
301 546 344 564 datis
356 546 444 564 obsidibus
454 551 484 568 pro
495 546 568 564 hominio
579 550 624 563 con-

55 571 145 593 servando,
155 576 223 588 uxorem
230 574 277 588 suam
284 571 354 593 redum't,
363 576 397 593 que
403 576 433 593 per
439 572 513 593 quinque
520 575 574 588 annos
582 575 624 593 cap-

56 597 90 613 tiva
100 601 110 613 a
122 596 210 613 Guillelmo
219 596 302 613 avunculo
314 600 345 613 suo
353 596 421 613 detenta
432 595 461 613 suit
470 609 474 612 .
484 609 487 612 .
497 609 500 613 .

93 620 145 638 Anno
156 621 218 638 domini
231 621 310 638 mxcviii.
323 625 352 638 rex
365 621 449 643 Philippus
461 621 505 637 eirca
518 620 624 642 epiphaniam

58 645 99 668 [ian.
109 645 130 668 6]
145 645 196 662 Metis
209 646 263 668 venit,
276 647 293 663 et
305 646 367 662 curiam
379 645 461 662 celebrem
472 645 529 662 tenuit.
546 644 623 666 Aignlsus

57 670 205 693 archiepiscopus,
219 670 247 692 qni
261 675 271 687 a
283 674 347 687 summo
358 670 438 692 pontifice
449 671 485 687 erat
495 669 594 691 destitutus,
607 670 624 686 et

57 695 113 712 Bruuo
123 699 178 712 novus
189 694 335 717 archiepiscopus,
344 695 372 716 qui
380 694 401 711 ab
412 694 471 712 eodem
481 698 524 716 papa
534 695 569 711 erat
580 698 624 710 con-

57 719 132 736 firmatus
143 721 161 736 et.
169 724 179 736 a
189 723 229 741 rege
242 719 299 737 Suevo
312 719 394 736 haetenus
405 719 480 741 captivus
490 718 578 741 detentus,
591 723 624 735 va-

57 744 99 761 dunt
108 744 130 761 ad
142 745 203 761 curiam
212 744 274 761 domini
282 749 335 767 pape,
344 744 467 761 discussionem
477 743 498 761 de
510 743 624 765 archiepisco-

56 771 96 791 patu
106 769 167 786 facturi
176 782 179 785 .
189 782 192 785 .
202 782 206 785 .
219 768 254 786 Rex
264 769 348 791 Philippus
357 770 469 791 pentecosten
479 767 521 791 [mai
529 767 561 791 25]
570 768 624 790 Aquis

58 793 157 816 celebravit,
166 794 227 810 ouriam
237 793 320 811 celebrem
329 797 358 816 per
369 795 408 810 octo
420 793 457 810 dies
467 793 525 810 habuit
536 794 553 809 et
564 797 623 809 reces—

57 819 77 835 sit
86 832 89 835 .
99 832 103 835 .
113 831 117 835 .
132 817 147 835 Ο
157 818 215 841 nefas,
229 823 239 836 o
249 818 315 840 scelus,
328 822 338 835 ο
347 818 415 835 crudele
426 818 504 840 scriplum
516 817 547 834 sed
558 817 624 834 verum!

57 843 143 865 Philippus
152 847 186 865 rex,
195 842 237 860 lilius
242 842 320 860 Friderici
326 843 435 865 imperatoris,
442 843 503 864 pacato
508 845 572 859 summo
579 846 624 864 pon-

57 868 100 885 tinea
113 869 130 885 et
140 867 217 884 omnibus
228 867 327 884 adversariis
336 868 381 889 suis,
391 867 480 884 crudeliter
489 871 499 884 a
508 866 580 888 quodam
591 870 623 883 co-

57 893 95 909 mite
103 892 126 909 de
134 892 225 909 Witrishac
233 893 249 909 in
258 892 325 909 civitate
336 891 486 913 Bavernbergensi,
496 891 543 908 tertia
554 890 581 908 die
594 891 623 908 in-

57 917 141 934 auctionis
158 921 188 934 sue
201 916 242 939 [mai
255 916 287 939 21]
302 921 323 934 ex
335 917 419 939 insperato
432 918 515 938 tamquam
530 915 623 933 domestico

58 946 96 964 suo,
109 941 198 959 erndeliter
207 941 296 964 occiditur,
309 942 363 963 capite
375 943 468 963 truncatur,
481 941 571 963 episcopus
582 940 623 964 Spi-

57 967 111 984 rensis
124 966 152 988 qui
164 970 200 983 oum
212 970 233 983 eo
245 967 279 983 emt
291 966 318 983 vix
327 966 367 988 fuga
375 965 452 988 elabitur,
462 967 479 982 et
488 969 546 982 onmes
556 965 623 987 regales

57 991 120 1013 passim
128 991 199 1013 dispersi
209 991 237 1007 vix
246 995 256 1007 a
267 990 328 1012 gladiis
336 990 468 1008 adversariorum
476 990 572 1012 eripiuntur,
579 990 623 1007 mul-

59 1016 102 1037 tique
112 1017 145 1032 tam
155 1015 230 1037 episcopi
242 1020 291 1037 quarn
305 1015 371 1032 nobiles
381 1015 402 1032 de
411 1016 443 1032 tarn
452 1014 514 1032 crudeli
525 1019 566 1032 nece
578 1014 623 1031 inia-

58 1042 126 1057 mantur.
139 1040 216 1057 Mortuus
228 1041 255 1057 est
263 1041 319 1057 autem
332 1044 391 1057 mense
401 1040 450 1062 iunii,
459 1040 492 1057 iam
499 1039 582 1056 inchoatis
591 1038 624 1055 kal.

74 1068 89 1084 ι)
98 1071 129 1081 cum
138 1066 252 1081 Gelonion-abun
