738 1221
227 71 314 84 uniuiuius
325 71 418 84 Διτιιιιιιειε,
569 65 604 83 509

35 111 68 129 que
81 106 112 124 luit
127 106 160 124 filia
175 106 219 123 illius
236 106 335 124 nobilissimi
347 106 431 128 quondam
445 106 492 124 ducis
505 101 572 124 Austrie
586 109 603 125 et
611 110 645 124 1253

37 131 92 153 Styrie
105 131 187 153 Liupoldi.
204 130 271 148 Auxilio
284 132 340 153 itaque
352 131 445 149 Meinhardi
461 132 525 149 comitis
539 132 604 149 Goricie

36 158 52 173 et
61 156 120 173 Ezilini
129 156 190 173 nobilis
200 155 221 173 de
230 156 315 179 Tarvisio,
327 156 415 173 Heinricus
428 156 470 173 tilius
480 155 546 174 Ottunis
556 156 604 174 ducis

35 185 66 203 per
74 181 135 198 vallem
144 180 257 198 'tridentinam
266 181 312 198 vadit
320 181 337 198 in
344 181 432 203 Ungariam
442 181 463 198 ad
472 185 548 198 socerum
555 186 604 198 suurn

35 206 94 223 Belum
103 210 164 227 regem
177 205 216 222 Otto
225 206 275 227 igitur
284 206 318 223 dux
327 206 344 223 in
352 206 434 228 principio
446 206 472 223 sui
481 206 567 228 regiminis
576 211 604 224 se-

36 235 86 248 verus
95 230 146 247 iudex
155 232 171 248 et
179 230 257 252 princeps
266 232 372 253 mansuetus,
385 232 446 253 postea
455 232 522 253 propter
530 230 604 248 favorem

36 260 86 277 quern
95 255 186 277 inpendere
198 255 286 273 videbatur
296 255 379 273 Friderico
392 255 475 277 quondam
484 256 578 278 imperatori
587 257 604 273 et

36 280 126 297 Chunrado
136 280 168 297 [iliu
179 280 215 296 eius
224 280 245 297 ab
254 280 352 297 Innocentio
364 285 408 302 papa
417 282 475 302 quarto
489 282 505 297 et
518 281 604 303 episeopis

36 307 69 322 tam
78 304 107 322 diu
121 306 138 322 et
148 309 189 327 sepe
199 305 352 322 excommunicatus
361 305 441 327 persequi
450 305 494 327 cepit
503 305 574 327 clerum,
587 307 605 322 et

36 330 78 347 mala
91 329 139 346 malis
152 329 216 347 addens
228 330 245 347 in
256 330 314 351 vigilia
327 330 381 347 sancti
389 329 456 347 Andree
470 330 543 352 apostoli
556 329 604 352 [nov.

36 354 68 377 29]
78 359 115 371 cum
129 354 146 371 in
156 358 194 371 sero
208 359 245 371 eum
257 359 310 372 uxore
323 356 340 372 et
353 354 460 372 familiaribus
473 355 508 372 suis
518 354 567 372 valde
576 355 604 372 io-

35 379 100 396 cundus
110 379 179 401 suisset,
188 381 283 401 presentem
293 380 342 396 vitam
352 379 441 396 subitanea
450 381 502 396 morte
511 379 551 396 tinit.
567 379 603 397 Eo-

35 404 72 421 dem
80 405 160 426 ternpore,
170 408 227 421 mense
237 404 300 421 scilieet
308 404 399 427 novembri,
406 403 481 421 ternosue
490 404 517 421 ille
526 404 604 426 predica-

35 430 60 446 tor
69 429 120 445 irater
126 428 226 446 Berhtoldus
235 430 251 446 in
258 429 341 446 Lantshut
347 429 465 451 predicationis
472 428 544 446 osticium
554 433 604 446 exer-

37 453 91 476 cebat,
101 455 118 470 et
127 453 221 470 morabatur
233 454 250 471 in
260 455 315 471 eastre
328 458 365 471 euin
378 453 421 470 duce
434 453 518 476 predicto,
533 454 603 476 cupiens

35 482 72 495 curn
81 478 160 495 inducere
170 478 191 495 ad
200 478 316 496 obedienciam
325 478 402 500 ecclesie,
412 480 428 495 et
437 483 484 495 suurn
495 483 536 500 erga
546 478 603 496 ecele-

35 504 69 520 sias
83 505 101 520 et
113 503 174 520 elerum
186 503 258 520 animum
272 504 351 525 mitigare.
368 503 415 520 Tunc
427 503 524 525 supervenit
536 503 603 525 quidam

35 532 100 550 pauper
108 527 208 550 rusticellus,
217 532 296 545 asserens
305 532 324 545 se
333 528 351 545 in
359 529 409 545 noete
418 527 543 550 preteritad‘esti
550 528 604 545 sancti

35 552 128 574 Myehaelis
142 554 206 575 raptum
218 555 235 570 et
248 553 314 570 ductum
326 552 347 569 ad
361 552 431 569 tribunal
445 552 500 569 iudicii
511 552 603 575 cuiusdam,

36 577 63 594 ubi
72 577 167 594 audivisset
179 579 196 594 et
208 577 280 595 vidisset
293 577 338 599 quod
350 577 372 594 ad
381 577 500 599 querimoniam
509 579 604 594 sanctorm

35 602 120 619 sententia
132 602 189 619 inertis
202 601 241 619 data
253 604 300 620 esset
312 602 329 619 in
341 601 419 619 Ottonein
433 602 492 619 ducem
508 603 525 619 et
537 604 603 619 ceteros

35 627 120 649 principes
128 627 175 649 pacis
184 626 278 644 turbatores
291 628 308 644 et
316 627 423 644 eeclesiarum
432 631 452 644 ac
460 631 550 649 pauperum
562 631 603 644 vas-

36 654 105 669 tatores.
122 651 214 669 Asserebat
225 652 277 669 eoiarn
291 651 336 674 qaod
350 651 381 668 suh
394 656 438 674 pena
451 652 508 669 mortis
520 656 531 669 a
539 652 603 669 sanetis

36 681 57 694 ex
66 678 113 699 parte
123 676 150 693 dei
159 676 190 693 sibi
199 678 247 694 esset
254 677 344 694 iniunctum
354 677 372 693 ut
380 676 412 693 hec
420 676 458 693 duci
467 678 485 693 et
493 676 529 693 aliis
539 676 603 698 priuci-

35 701 84 723 pibus
97 702 172 718 nuntiare
186 701 263 723 deberet,
279 701 324 723 quod
335 701 349 718 si
361 705 396 718 non
409 701 522 718 admitteretur
534 700 604 718 deberet

35 726 72 743 aliis
82 726 175 748 propalare.
184 726 200 743 Is
210 726 260 750 igitur
268 726 356 748 homullus,
365 730 404 743 eum
410 730 444 743 non
453 725 513 743 luisset
519 725 603 743 admissus

36 750 56 768 ud
64 751 167 773 presentiam
176 750 233 773 ducis,
245 747 320 773 predicto
330 751 376 768 fratri
386 750 476 767 Berlitoldo
486 752 503 767 et
515 750 553 768 aliis
565 751 603 772 qui-

36 775 106 793 busdam
115 775 155 792 talia
163 776 261 797 propalavit,
278 775 312 792 Sed
324 777 341 793 et
353 777 402 792 sexto
415 775 442 792 die
451 776 490 792 aute
498 775 560 792 obitum
569 775 603 792 du-

36 801 59 817 cis
72 800 116 817 idem
130 800 180 818 homo
192 801 237 817 venit
250 800 272 817 ad
285 800 403 817 monasterium
415 799 516 822 Altahense,
533 801 550 816 et
562 799 604 817 dixit

36 825 133 842 Hermanno
140 825 195 842 abbati
203 827 220 842 et
229 825 299 842 Alberto
307 825 362 842 abbati
371 824 393 842 de
403 824 465 841 Metern
473 829 495 841 ex
504 826 550 846 parte
559 824 603 841 illius

36 849 102 872 iudicii,
114 849 160 871 quod
171 850 209 872 quia
218 854 252 867 non
262 850 376 867 admitteretur
387 849 424 866 talia
436 849 550 871 manifestare,
564 849 603 866 dicti

36 874 107 892 abbates
123 879 159 891 cum
173 874 250 892 Heinrioo
264 875 324 892 abbate
337 874 358 891 de
369 874 473 896 Ebersperch
483 873 564 891 deberent
575 874 603 891 in-

35 900 91 917 timare
100 899 139 916 duci
147 901 241 922 prenotatoJ
250 899 295 921 quod
304 899 336 916 nisi
347 899 399 916 cicius
411 900 493 916 monetam
502 903 561 915 novam
570 898 603 916 de-

36 926 106 941 strueret
117 925 134 941 et
145 924 252 946 resipisceret
263 929 273 941 a
283 924 373 941 vexatione
388 928 478 946 pauperum
490 925 507 940 et
519 923 603 940 ecclesia-

36 954 78 971 rum,
89 949 146 966 mortis
155 951 202 966 esset
210 954 227 966 ιιι
238 949 284 966 brevi
296 949 396 966 sententiam
407 948 496 965 subiturus
513 948 565 965 Cuius
576 948 603 965 vi-

36 974 89 991 sionis
99 973 187 996 efficatiam
199 973 295 1002 sepedictus
304 973 346 996 dux,
358 973 466 991 Innocentius
477 977 533 995 papa,
545 973 604 990 Chun-

36 998 85 1015 radas
93 1003 122 1015 rex
130 1000 147 1015 et
155 998 183 1015 alii
190 999 278 1021 principes,
287 1003 317 1021 per
326 1000 394 1015 mortem
403 998 504 1020 insperatam
515 999 554 1015 tune
563 998 604 1020 proh

36 1023 84 1041 dolor
92 1025 132 1040 sunt
141 1024 210 1046 experti.
223 1023 334 1040 Wenzeslaus
343 1023 392 1040 ctiern
405 1027 434 1039 rex
442 1023 540 1040 Bnemorum
552 1023 604 1040 rnori-

36 1049 83 1065 turin
90 1052 149 1065 mense
159 1048 252 1070 septembri.
266 1047 327 1065 ottone
333 1048 376 1065 duee
385 1047 464 1065 defuneto
474 1047 550 1064 dominus
557 1047 603 1064 Lud-

36 1074 98 1096 wicus,
113 1072 191 1091 Heinrico
203 1073 248 1090 fratri
261 1077 292 1090 suo
304 1073 321 1089 in
331 1073 405 1094 ngaria
421 1073 512 1095 existente,
524 1077 561 1089 cum
572 1071 603 1089 At-
