738 1221
247 69 267 81 ιι
277 68 341 81 sonanti:
352 69 371 81 ιιι
381 68 424 81 nm.
585 60 619 79 441

56 103 147 121 distraetus
157 103 195 126 init,
204 105 284 125 quantum
293 104 344 126 panio
355 104 401 126 prins
410 108 441 126 per
451 103 535 121 dominnm
544 103 623 121 Ottonem

55 129 129 150 gloriose
143 128 241 145 sublimatus
255 128 289 145 init.
307 128 404 146 Provisores
417 130 472 146 antem
483 128 561 151 ecclesie,
571 129 623 146 totins

55 154 163 176 episcopntus
171 153 237 170 utilitati
247 153 318 170 lldoliter
325 153 438 176 intendentes,
445 153 583 171 coadunaverunt
591 158 624 175 ge-

54 178 110 195 nerale
120 178 218 200 capitulum,
227 179 245 195 ni
254 177 276 195 de
285 177 330 195 hono
339 179 384 195 statu
393 180 436 195 terre
445 179 535 195 traetarent
543 178 623 200 generale

54 203 161 225 colloquium.
170 202 290 220 Convenerunt
298 203 341 220 enim
350 203 372 219 ad
379 202 423 220 hano
431 203 515 225 synodum
524 203 623 220 wilhelmus

54 227 167 245 Romanorum
178 229 209 245 rex
217 228 306 250 egregius,
315 227 393 245 dominns
402 227 491 245 cardinalis
500 228 558 245 Petrus
567 227 624 250 Capu—

54 253 87 269 tins
95 254 112 269 et
119 252 207 269 Conmdus
214 252 320 269 Coloniensis
327 252 469 275 archiepiscopus.
478 252 498 269 In
505 256 575 274 qnorum
583 257 624 275 pre-

55 277 110 294 sentia
119 277 204 294 Gosvinns
213 277 278 294 electus
290 278 348 294 astans
357 277 416 294 honori
425 277 477 294 cessit
486 278 503 294 et
512 277 568 300 oneri,
577 281 597 294 ao
606 277 623 294 in

55 306 113 319 manns
123 302 169 323 regis
178 303 195 319 et
204 301 293 319 cardinalis
306 302 410 319 renunoinvit
419 302 529 324 episcopatui.
542 302 623 319 Dominus

54 328 110 344 autem
120 326 209 344 cardinalis
218 326 239 344 ad
248 326 379 349 postulationem
389 327 510 349 archiepiscopi
517 327 623 345 Coloniensis

55 353 117 369 extunc
130 351 225 369 Heinricnm
236 351 257 368 de
266 351 332 373 Vigena
341 351 434 369 eathedrari
442 352 500 374 inssit,
510 352 537 369 oui
549 352 625 369 similiter

55 378 72 393 et
80 377 117 398 ipse
128 380 158 393 rex
169 380 199 398 per
209 376 310 398 pastoralem
323 376 400 393 baculum
410 378 427 393 et
437 376 525 399 annulum,
537 378 624 399 tempora-

54 401 87 418 lem
96 400 226 418 iurisdietionem
235 400 286 418 dedit
299 401 335 418 Fuit
344 401 404 418 etenim
413 400 501 418 Heinrious
509 401 584 418 eiusdem
593 405 623 418 ar-

54 426 160 448 chiepiscopi
168 426 315 448 consanguineus,
324 426 348 442 vir
357 425 425 443 illustris
433 427 450 443 et
460 427 541 443 eonstans
549 427 566 443 et
574 430 623 448 mag-

54 451 141 473 nanimus,
154 455 174 467 ao
187 450 261 468 eoelesio
274 450 382 468 Coloniensis
395 450 531 473 arehidiaeonus,
544 455 574 473 pro
588 455 623 472 qno

55 477 101 492 totus
109 475 217 497 episcopatus
225 475 338 492 Treieetensis
349 475 416 493 nimium
425 475 506 492 exultavit
513 476 531 492 et
537 479 574 492 enin
583 480 623 497 gra-

55 500 113 517 tiarnm
122 500 188 517 notione
197 499 230 517 deo
238 500 270 517 oeli
281 499 390 517 devotissime
400 500 491 517 benedixit.

92 524 181 542 lleinriens
190 525 247 546 itaque
258 524 424 542 tricesimnsoetavns
432 525 519 542 ordinatus
527 524 623 547 episcopus,

56 550 116 571 quevis
125 549 241 566 ecclesiastica
247 549 339 566 ministeria
347 549 375 571 pia
380 549 487 567 solicitudine
494 549 583 567 sublimare
587 551 624 566 stn-

55 574 97 597 duit,
107 574 214 591 nihilominus
223 575 240 591 ot
246 574 343 596 temporalia
350 574 387 591 iura
394 576 461 591 strenua
469 574 552 596 probitate
560 574 624 596 gnber-

55 603 95 616 nare
102 598 193 621 disposuit.
206 598 240 616 Sed
247 599 289 616 livor
295 600 313 616 et
319 598 412 621 indignatio
419 599 523 616 dominorum
531 599 553 616 de
560 599 624 616 Amstel

56 624 98 641 etde
106 623 193 641 Woerden
197 623 305 641 vehementer
313 623 409 641 inflammari
414 623 545 646 eepitadversns
552 623 624 641 eundem

56 649 159 671 episcopum,
164 652 195 671 pro
199 653 220 666 eo
224 648 269 670 quod
274 648 357 666 Gosvinns
362 649 466 671 propinquus
471 652 528 665 eorum
533 648 624 666 destitutus

56 675 103 691 esset
110 678 141 695 per
150 673 231 695 generale
240 673 335 695 capitulum.
348 673 380 693 Qui
389 673 510 695 oonspiratorie
519 673 574 690 comiti
584 673 625 690 Gel-

56 698 91 715 drie
102 698 173 715 federati
183 699 235 715 totum
244 698 360 720 episcopatum
370 697 443 715 assiduis
450 698 590 720 perturbaverunt
597 698 624 714 in—

56 722 172 745 cursionibus,
182 722 242 745 qnibns
252 722 340 740 Heinrieus
349 723 417 740 viriliter
425 727 444 740 se
451 723 531 745 opposuit
540 727 577 740 onrn
585 722 624 745 qni-

56 747 127 765 busdam
137 748 172 764 suis
182 747 323 765 ministerialibus.
336 747 413 770 Denique
422 749 462 770 post
470 747 530 764 multas
540 748 624 765 ineursio-

56 776 87 789 nes
98 772 184 789 delinitum
194 774 229 795 est,
238 773 257 789 nt
265 774 335 794 utraque
345 777 384 794 pars
396 772 414 789 in
423 772 494 794 planicie
503 773 587 794 pratorum
597 772 624 789 vi-

56 797 127 814 rentium
135 797 234 814 oonveuiret
241 797 263 814 ad
271 797 332 814 bellum
342 798 445 819 campestre,
455 798 472 814 et
482 796 543 814 ibidem
553 796 584 814 snb
596 796 624 814 die

55 821 165 839 deteminata
176 826 207 844 pro
216 826 280 839 corona
287 822 356 839 victorie
367 821 476 839 decertarent.
490 821 557 838 Domini
568 821 624 843 siqui-

56 846 94 864 dem
106 846 128 863 de
138 846 202 863 Amstel
212 848 230 863 et
236 846 258 863 de
266 846 352 863 Woerden
362 846 452 864 eontraetis
461 845 573 868 undecunque
581 845 625 863 mnl-

56 871 78 888 tis
84 870 201 893 preliatorlbns
208 871 225 888 in
230 875 292 893 magna
299 871 377 893 snperbia
384 870 488 893 devenerunt
496 870 517 888 ad
524 871 579 888 loenrn
587 875 625 888 ner-

56 896 129 919 taurinisy
138 897 156 913 nt
165 896 204 913 tous
211 896 273 913 viribus
281 895 393 913 disturbarent
400 896 489 913 exercitum
499 895 571 912 Heinriei
580 899 625 917 pon-

56 921 110 938 tilicis.
123 921 196 938 Econtra
204 925 245 938 vero
253 921 286 938 iarn
292 920 346 938 dictus
355 921 446 943 episeopus
454 920 527 937 vasallos
536 924 578 937 suos
587 924 624 937 oum

56 945 170 968 burgensibus
179 945 250 963 fideliter
259 945 353 967 admonuit,
362 947 380 962 et
388 945 500 967 arrogantiam
508 945 571 962 illoram
580 944 625 962 duo-

56 975 91 988 rnn
101 972 180 993 potenter
187 970 265 987 edomare
273 969 361 992 disposuit
375 969 415 987 Cum
428 970 484 992 itaque
494 969 576 992 preliandi
587 969 625 987 dies

56 996 87 1012 iarn
101 996 181 1017 instaret,
193 996 212 1012 nt
225 995 269 1012 idom
283 995 373 1017 episcopas
386 999 423 1012 curn
438 999 469 1011 sno
482 995 556 1012 exercitu
570 994 625 1012 lomim

56 1020 152 1037 aeruminis
165 1019 225 1042 adiret,
241 1019 348 1037 Coloniensis
363 1019 501 1041 archiepiscopus
514 1019 574 1036 diebus
591 1019 625 1036 illis

56 1045 132 1062 existens
142 1045 158 1061 in
168 1044 245 1062 'traiecto
254 1044 344 1066 pretiosum
353 1044 432 1061 annulum
443 1044 490 1061 dedit
498 1044 571 1061 Henrieo
580 1048 625 1066 pon-

56 1069 103 1092 titini,
119 1069 179 1087 dieens
195 1069 227 1087 hee
239 1069 292 1087 verba
304 1073 359 1086 eoram
372 1068 487 1086 innumerabili
496 1069 544 1086 turba
553 1068 625 1086 eircum-
