738 1221
105 66 141 84 236
301 74 321 85 n
330 73 396 86 ιοιιιιιιιι
406 73 426 85 nr.
436 73 480 85 sen.

104 108 150 131 apud
160 108 274 131 Woringiam,
287 109 337 130 alque
348 108 440 125 triduanam
448 108 481 125 iam
492 107 596 130 explevisset
606 108 676 130 euriam,

105 135 165 155 quarta
174 133 235 150 deliine
248 134 307 151 exorta
316 133 364 155 luce,
377 137 414 150 eum
425 132 500 150 brumale
510 133 551 155 gelu
558 133 676 154 graminosum

105 159 148 175 terre
159 157 264 180 superficiem
277 158 294 175 lu
308 162 369 175 aurora
383 158 515 179 constringeret,
529 157 638 175 tubicinatum
649 159 676 175 est

105 184 161 200 eastra
172 182 230 200 tollere
238 184 255 200 et
264 182 348 200 civitatem
357 182 454 204 Aquensem
463 182 552 200 obsidione
560 182 635 204 cingere.
646 182 676 199 Ci-

105 212 136 224 ves
148 209 204 224 autem
213 206 304 229 Aquenses
314 209 372 224 contr·
386 207 508 224 festinaverunt
520 207 605 229 extemplo
617 208 676 229 portos

105 232 185 249 claudere
193 233 210 249 et
221 232 279 249 valvas
289 232 380 249 obstruere.
394 232 429 249 Neo
441 236 487 249 mora
498 232 537 254 quin
548 233 565 249 et
573 231 618 249 idem
626 232 676 249 elee-

105 258 132 274 tus
142 261 179 274 oum
187 256 254 274 invictis
263 256 372 274 bellatoribus
380 256 475 279 papiliones
486 257 504 274 iu
514 261 574 278 gyrum
585 257 648 279 erexit,
658 258 676 274 et

105 286 143 299 eum
154 281 257 304 principibus
271 286 333 299 aroana
345 281 416 299 consilia
431 281 508 299 tractavit
521 281 592 303 qualiter
604 281 675 303 aliquod

105 306 256 324 machinamentum
266 308 325 328 posset
333 306 425 328 excogitari
428 319 434 329 ,
443 311 477 328 quo
485 304 532 328 regi·
541 306 600 324 civitas
608 306 676 328 absque

105 331 191 348 tormentis
202 332 263 353 posset
270 331 345 348 obtineri.
358 331 435 353 Denique
445 335 475 353 per
484 331 567 353 quosdam
574 331 675 353 ingeniosos

105 355 176 378 opifices
189 355 273 373 decretum
285 357 321 378 est,
336 357 354 373 ut
364 356 445 378 populare
456 356 518 378 vulgus
530 356 592 373 vallum
603 360 676 378 proeere

106 380 210 398 celsitudinis
221 382 310 403 extrueret,
319 385 340 398 ao
346 380 403 398 urbem
412 381 430 398 in
438 380 506 398 modum
515 381 583 402 aggeris
590 380 675 398 undicun-

105 410 138 427 que
148 405 227 427 ciugeret.
240 405 262 423 Et
271 410 308 422 eum
318 405 377 423 eadem
387 405 446 423 eivitas
454 405 471 422 in
480 405 585 423 convallibus
594 406 676 423 montium

105 430 166 447 situata
173 430 247 452 plurimis
258 430 307 452 aquis
318 430 409 452 sulphuriis
418 431 445 447 est
453 430 523 452 irrigua,
533 430 623 452 multisque
633 430 676 447 lon-

105 455 150 472 tibus
160 454 287 477 lympidissimis
298 454 411 477 superabiude
420 454 484 477 iluida,
496 454 536 472 ideo
546 459 613 477 semper
623 455 676 472 inun-

105 479 148 497 dans
157 484 200 501 aqua
208 479 266 497 nullibi
274 479 375 497 defluentem
385 479 450 497 liabens
460 481 541 502 meatum,
550 479 594 497 adeo
601 479 676 497 breviter

105 504 196 521 exuberare
208 504 270 526 incepit
274 517 279 527 ,
294 506 313 521 ut
326 504 383 521 nullus
397 504 458 521 oivium
471 504 536 526 absque
549 504 617 526 navigio
631 508 676 526 pro-

104 529 158 551 prium
169 528 269 546 domicilium
283 529 370 546 commode
381 530 441 551 posset
454 529 505 546 exire.
525 528 562 546 Hoc
574 533 615 550 ergo
626 529 676 551 gravi

105 553 195 576 dispendio
203 553 299 575 burgenses
306 553 372 576 amicti,
381 554 492 576 promiserunt
505 553 560 571 eleeto
570 554 607 575 regi
615 555 676 576 portas

105 578 150 595 urbis
161 578 225 600 absque
233 578 323 596 rebellione
333 578 438 601 patefacere,
447 580 464 596 et
472 578 544 596 eundem
553 583 583 600 pro
591 583 632 596 vem
639 578 676 596 do-

105 603 150 620 miuo
158 603 215 620 votive
225 603 311 625 suscipere
315 616 320 626 ,
329 604 348 621 ut
355 603 483 626 circumseptum
490 603 551 621 vallum
559 603 626 625 infringi
633 607 676 625 pre—

105 628 176 651 ciperet,
186 629 203 645 et
212 628 320 645 inundantem
328 632 389 650 aquam
397 630 480 645 consueto
490 630 546 645 meatu
557 632 623 646 manare
633 632 675 650 per-

105 653 182 670 mitteret.
195 653 247 674 Igitur
260 652 331 670 infracto
341 652 387 670 vallo
397 657 426 670 rex
439 653 497 670 ultima
509 652 536 670 die
549 653 612 670 mensis
625 654 676 670 oeto-

105 677 140 695 bris
152 677 209 695 urbem
220 678 309 699 ingressus
320 679 356 700 est,
368 678 385 695 et
397 677 418 695 ab
430 678 512 695 universis
522 677 586 695 eivihus
599 677 675 700 gloriose

86 712 89 714 -
105 704 188 724 receptus.

143 727 212 744 Postera
223 731 264 744 vero
279 727 315 750 die,
328 732 361 750 que
375 729 401 745 est
412 728 484 745 omnium
500 727 599 744 Sanctorum
612 727 675 744 festiva

106 751 212 773 solemnitas,
221 752 301 769 universa
311 752 398 770 multitudo
407 752 507 774 prelatorum
517 753 534 769 et
543 752 635 774 principum
642 751 676 769 de-

106 776 153 793 duxit
167 776 238 793 electum
250 781 307 798 regem
319 777 340 794 ud
350 777 436 794 basilicam
444 778 525 799 perpetue
534 777 603 798 virginis
612 776 675 797 Marie.

106 802 125 818 ut
133 801 225 818 solemnem
233 801 367 819 benedictionem
376 802 460 824 acciperet
469 801 561 819 seeundum
570 801 618 818 ritum
627 802 674 819 auti·-

106 830 139 848 que
149 826 280 843 eonsuetudiuis.
293 826 346 846 Quem
353 826 493 844 Monasteriensis
502 826 618 843 etMiudensis
627 826 676 848 epis-

106 851 145 873 copi
154 851 202 868 simul
211 850 307 869 ordinarunt
316 851 358 868 intra
367 851 462 873 sacrarium,
471 850 503 868 seii
510 850 582 868 eundem
588 850 676 868 Leodleu-

107 876 130 893 sis
140 877 156 892 et
165 875 277 893 Traieetensis
286 876 363 898 episcopi
374 876 453 893 vestitum
462 876 564 893 ornamentis
573 875 645 893 leviticis
657 875 676 893 iu

106 900 173 918 modum
182 900 249 918 diaconi
260 900 374 923 produxerunt
385 902 425 918 ante
437 900 495 922 regale
507 900 577 923 solium,
590 904 640 923 quem
653 904 676 918 ex

107 927 146 942 tune
158 925 266 945 Coloniensis
278 925 415 948 archiepiscopus
425 925 534 943 cancellarius
543 925 589 943 italie
598 925 676 943 colloca-

106 950 131 967 vit
139 950 156 967 ιιι
165 950 206 967 sede
215 950 315 973 maiestatis,
324 950 346 967 ita
355 950 423 968 dicens:
436 950 491 972 Super
499 949 574 967 thronum
582 950 630 972 reatui
636 950 675 972 ylo-

106 975 152 991 riost
161 975 229 996 sedens,
240 975 318 992 iudicium
331 976 348 992 el
357 975 439 992 iusticiam
450 975 467 992 in
477 976 525 992 tarro
533 975 595 996 sada-5.
610 974 674 992 Arebl-

106 999 198 1021 episeopus
210 1004 250 1017 vero
262 999 397 1021 Maguntiuensis
409 1000 520 1017 cancellarius
536 1000 623 1017 Germauie
636 1004 675 1017 eum

107 1024 145 1042 oleo
154 1024 257 1041 sanctificato
270 1024 344 1042 dextram
354 1025 390 1042 eius
399 1024 444 1042 sorus
453 1025 508 1047 unxit,
517 1025 539 1042 ita
548 1024 615 1042 dicens:
627 1024 673 1042 Con-

106 1053 175 1066 swrare
184 1050 199 1066 le
208 1049 285 1071 diynetur
296 1050 398 1071 omnipotens
410 1049 450 1066 deus
464 1050 481 1066 in
492 1053 548 1071 reyem
558 1049 676 1070 Romanorum,

106 1073 410 1095 quiozwidpermamcmsmus
420 1074 676 1096 prophetet-caementatum-
