738 1221
117 67 151 83 556
285 73 366 85 cunenreen
377 73 499 85 osrrnnovrusr„

75 110 108 124 ¹292
116 108 253 131 promovendum,
262 112 295 130 que
304 109 359 125 tamen
368 109 423 130 preter
430 107 501 125 divinam
508 108 633 125 ordinacionem
639 109 685 125 stare

115 137 149 150 non
162 133 258 155 valuerunt3
275 134 329 150 tamen
342 137 380 150 cum
393 133 430 150 eliis
443 133 551 149 iuramentum
563 132 584 150 de
598 133 631 150 side
645 137 684 150 ser-

114 158 169 175 vanda
178 158 257 180 prestitit,
267 159 284 174 et
292 157 387 175 infeudatus
396 162 406 174 a
417 162 458 179 rege
467 157 518 174 tristis
528 158 604 174 recessit.
616 157 684 174 Electus

114 184 170 200 autem
182 187 219 200 eum
233 182 329 205 pocioribus
343 183 391 204 regni
404 182 506 205 principibus
515 182 638 204 Aquisgranurn
649 182 684 199 du—

115 208 157 225 citur
166 209 182 225 et
191 208 207 224 in
217 207 261 225 festo
270 209 381 229 pentecosten
390 207 465 230 proximo
473 205 479 216 ¹
487 212 498 224 e
506 207 573 224 domino
583 207 684 229 Mogontino

115 232 243 254 archiepiscopo
254 232 321 253 ungitur
335 234 352 249 et
363 234 457 249 coronatur.
475 231 528 252 Quem
536 232 613 249 dominus
624 232 684 254 Nyco-

114 257 152 274 laus
161 259 230 279 quartus
234 261 278 279 papa
285 257 320 274 suis
328 257 388 274 litteris
396 257 482 274 confirmat
489 258 507 273 et
515 257 593 274 electioni
599 257 684 274 consentit

115 283 132 299 et
139 282 160 299 ad
169 286 247 299 coronam
255 281 318 298 invitat.
331 281 410 299 S1militer
418 283 435 299 et
443 281 519 298 dominus
528 281 622 299 Celestinus
631 282 683 304 quin-

114 308 146 324 tus·
151 308 168 324 et
175 306 252 323 domiuus
258 306 355 323 Bcnisacius
362 308 438 324 octavus.

152 331 190 348 Dux
197 330 264 348 Austrie
272 331 357 353 predictus
367 331 427 348 dolens
435 330 480 353 quod
493 331 510 348 in
521 335 591 353 regnum
601 335 636 348 non
648 331 684 348 erat

114 358 200 378 promotus
213 356 271 378 incipit
289 355 389 373 discordiam
403 356 486 373 seminare
501 356 544 373 inter
561 356 645 378 principes
661 355 683 372 de

115 381 186 398 oonsilio
194 380 271 398 avunculi
284 381 310 397 sui
317 380 381 398 Alberti
389 381 454 398 comitis
465 380 486 398 de
494 380 556 398 Hairlo.
569 380 635 397 Habitis
644 380 684 397 hine

114 405 153 423 inde
166 405 256 428 colloquiis
265 410 302 422 curn
313 410 353 427 rege
364 405 444 423 Bohernie
458 407 474 422 et
486 405 556 423 ducibus
570 405 655 422 Karinthie
666 407 683 422 et

114 430 215 452 Moguntino
229 431 354 453 archiepiscopo
370 435 400 453 per
413 430 520 452 interpositas
533 434 624 453 personas,
640 434 683 447 eon-

114 455 209 477 spiracione
219 460 255 472 cum
264 455 343 478 predictis
355 455 407 478 sacta,
420 457 476 473 movet
485 455 574 472 exereitum
584 455 605 472 de
614 454 684 472 Austria

114 480 136 497 ad
147 482 204 502 partes
216 480 263 497 Reni.
280 480 371 497 Transiens
385 485 415 502 per
429 480 495 497 suriam
510 482 527 497 et
535 479 641 502 Karinthiam,
654 479 683 496 ubi

114 504 192 522 diversos
208 505 334 522 ecclesiasticos
348 506 364 522 et
380 505 465 522 seculares
477 509 507 527 per
519 505 614 527 pecuniam,
633 509 683 526 quarn

115 531 172 547 mutuo
185 534 220 547 non
231 530 248 547 iu
260 534 312 552 parva
324 530 415 552 quantitate
428 534 438 547 a
451 529 522 547 ducibus
534 529 619 546 Karinthie
632 533 683 546 rece-

115 556 171 576 perel,
185 556 202 571 et
214 554 265 571 falsas
275 555 396 577 promissiones
408 555 485 576 eorrupit,
499 554 603 576 veniensque
612 553 633 571 ad
642 558 683 576 par-

115 580 141 596 tes
149 578 191 596 Reni
199 579 216 596 in
225 579 303 601 oppidum
314 579 440 601 Schashansen‚
454 584 464 596 a
472 579 572 600 Mognrntino
584 580 601 596 et
610 578 642 595 sibi
651 578 684 595 ad-

115 603 211 621 herentibus
219 605 236 621 in
245 609 301 626 regern
311 604 420 626 constituitur,
429 604 496 621 dominu
504 603 566 621 Adolso
572 608 612 625 rege
620 608 683 626 snper-

115 629 154 646 stite
163 630 180 646 et
189 631 275 651 regnante.
285 628 338 646 Huius
347 628 430 646 discordie
439 630 497 646 auctor
506 629 606 651 permaxime
615 628 646 645 fuit
654 633 683 645 ar-

114 653 233 676 chiepiscopus
243 654 358 675 Moguntinus.
373 654 412 671 Post
421 654 453 671 hec
461 654 478 670 in
487 653 531 671 hello
540 653 628 675 campestri
637 657 683 670 con-

114 678 216 699 grediuntur.
230 678 261 696 Ubi
270 678 346 696 dominus
354 678 426 696 Adoll'ns
434 682 463 695 rex
472 678 562 700 predictus,
571 678 639 695 nimium
647 678 690 695 rer--

113 707 156 720 vens
161 703 252 720 vindictam
258 703 371 725 persecutoris
379 703 410 725 sui,
418 703 492 720 exercitu
501 707 533 720 suo
542 707 551 720 a
561 704 609 724 tergo
619 703 683 725 relicto,

114 728 219 749 persequitur
226 732 262 744 curn
267 728 324 750 paucis
330 728 430 749 regernsive
436 727 495 745 ducem
500 728 584 744 intrusum.
593 727 614 744 Et
620 728 638 744 in
644 727 683 749 ipsa

114 752 236 773 congressione
245 752 303 774 lapsus
312 753 328 769 in
338 757 382 774 equo
394 753 499 775 vulneratus,
512 752 544 769 hiis
556 756 599 774 quos
611 757 622 769 a
634 754 683 774 tergo

115 776 204 798 reliquerat
212 777 328 799 venientibus,
342 782 371 794 rex
380 779 454 795 mortuus
467 779 494 794 est
502 777 585 794 inventus.
601 777 633 797 Qui
642 778 684 799 aput

114 802 250 819 sanctimoniales
262 802 279 819 in
289 802 336 819 Valle
348 802 429 819 Rosnrurn
440 802 524 824 sepelitury
538 806 583 819 enno
596 802 643 824 regni
656 802 683 819 sui

114 828 163 843 sexto
175 827 192 843 in
206 827 278 844 crastino
291 827 368 844 Processi
382 829 399 844 et
407 827 502 844 Martininni
515 826 553 849 [iuli
563 826 588 850 3],
602 827 642 848 quia
652 831 683 844 se-

114 851 179 873 pultura
191 851 238 873 regia
250 853 290 873 aput
299 852 373 874 Spiream
387 856 417 874 per
428 852 520 874 predictum
531 850 616 869 Albanum
629 852 683 869 intru-

114 880 151 893 sum
160 875 191 893 sibi
200 877 240 893 tunc
249 876 279 893 suit
287 876 376 898 denegata

150 901 174 917 Μ.
175 905 224 918 ccxc
226 901 247 918 iii
256 901 338 918 Dominus
347 901 455 918 Gwilhelrnus
463 901 622 918 Prernonstratensrs
629 901 683 918 abhas

114 925 131 942 in
140 927 200 943 octava
209 926 323 948 apostolorum
330 926 374 943 Petri
383 927 400 943 et
406 926 451 943 Pauli
460 926 516 943 visitat
525 926 615 943 ecelesiam
622 925 683 943 Oster-

114 950 205 967 novensem
215 955 251 967 oum
261 950 339 968 adiuncta
347 951 379 968 sibi
389 951 475 973 societate,
485 950 550 968 scilicet
558 950 683 968 venerabilibus

114 975 188 996 patribus
204 975 312 992 Cussianensi
324 975 441 993 Arnstainensi
454 975 550 997 abbatibus,
566 977 583 992 et
596 976 683 998 preposito

114 999 135 1016 de
144 999 199 1022 Mani,
213 1004 249 1017 curn
262 1000 299 1017 aliis
308 1000 376 1022 prelatis
384 1000 523 1022 provincialibus,
537 1000 602 1017 scilicet
610 1000 683 1022 Ursper-

113 1025 163 1046 gensi
173 1024 291 1042 Schesslarensi
302 1025 420 1042 cheeellensi
429 1025 571 1047 Windebergensi
580 1025 682 1047 Spainshar-

115 1049 158 1066 tensi
170 1049 198 1071 qui
211 1049 265 1067 eidem
274 1052 389 1071 occurrerunt,
403 1050 434 1067 sul)
447 1050 514 1067 dornino
522 1050 577 1067 Ulrieo
590 1049 639 1067 huius
648 1049 681 1067 loci

133 1077 147 1092 ι)
156 1076 180 1090 ‹lu
189 1077 226 1090 wire
234 1080 256 1090 am
264 1077 286 1090 π,
295 1077 326 1093 mr,
335 1077 352 1091 ist
361 1076 394 1091 nm·
402 1077 475 1094 narrentis,
