<?xml version="1.0" encoding="UTF-8"?>
<!DOCTYPE html PUBLIC "-//W3C//DTD XHTML 1.0 Transitional//EN"
    "http://www.w3.org/TR/xhtml1/DTD/xhtml1-transitional.dtd">
<html xmlns="http://www.w3.org/1999/xhtml" xml:lang="en" lang="en">
 <head>
  <title>
</title>
<meta http-equiv="Content-Type" content="text/html;charset=utf-8" />
  <meta name='ocr-system' content='tesseract 3.04.00' />
  <meta name='ocr-capabilities' content='ocr_page ocr_carea ocr_par ocr_line ocrx_word'/>
</head>
<body>
  <div class='ocr_page' id='page_1' title='image "./fontesrerumgerm05hubegoog_0506.png"; bbox 0 0 738 1221; ppageno 0'>
   <div class='ocr_carea' id='block_1_1' title="bbox 253 68 621 87">
    <p class='ocr_par' dir='ltr' id='par_1_1' title="bbox 253 68 621 87">
     <span class='ocr_line' id='line_1_1' title="bbox 253 68 621 87; baseline -0.005 0"><span class='ocrx_word' id='word_1_1' title='bbox 253 75 272 87; x_wconf 82' lang='lat' dir='ltr'>n</span> <span class='ocrx_word' id='word_1_2' title='bbox 283 75 347 87; x_wconf 68' lang='lat' dir='ltr'><strong>ioum</strong></span> <span class='ocrx_word' id='word_1_3' title='bbox 357 75 377 87; x_wconf 75' lang='lat' dir='ltr'><strong>n</strong></span> <span class='ocrx_word' id='word_1_4' title='bbox 387 75 430 87; x_wconf 64' lang='lat' dir='ltr'><strong>ma.</strong></span> <span class='ocrx_word' id='word_1_5' title='bbox 585 68 621 85; x_wconf 66' lang='lat' dir='ltr'><strong>tes</strong></span> 
     </span>
    </p>
   </div>
   <div class='ocr_carea' id='block_1_2' title="bbox 52 109 624 950">
    <p class='ocr_par' dir='ltr' id='par_1_2' title="bbox 52 109 624 950">
     <span class='ocr_line' id='line_1_2' title="bbox 54 109 623 132; baseline 0 -5"><span class='ocrx_word' id='word_1_6' title='bbox 54 110 110 127; x_wconf 66' lang='lat' dir='ltr'><strong>valido</strong></span> <span class='ocrx_word' id='word_1_7' title='bbox 123 110 214 127; x_wconf 83' lang='lat' dir='ltr'><strong>destinavit</strong></span> <span class='ocrx_word' id='word_1_8' title='bbox 228 110 250 127; x_wconf 91' lang='lat' dir='ltr'><strong>ad</strong></span> <span class='ocrx_word' id='word_1_9' title='bbox 264 109 371 132; x_wconf 70' lang='lat' dir='ltr'><strong>lelandi-m,</strong></span> <span class='ocrx_word' id='word_1_10' title='bbox 388 111 407 127; x_wconf 88' lang='lat' dir='ltr'><strong>ut</strong></span> <span class='ocrx_word' id='word_1_11' title='bbox 416 109 506 131; x_wconf 68' lang='lat' dir='ltr'><strong>Margarita</strong></span> <span class='ocrx_word' id='word_1_12' title='bbox 521 110 623 128; x_wconf 77' lang='lat' dir='ltr'><strong>commitisse</strong></span> 
     </span>
     <span class='ocr_line' id='line_1_3' title="bbox 54 134 623 158; baseline 0 -6"><span class='ocrx_word' id='word_1_13' title='bbox 54 135 194 152; x_wconf 73' lang='lat' dir='ltr'><strong>contumeliosam</strong></span> <span class='ocrx_word' id='word_1_14' title='bbox 207 134 293 152; x_wconf 77' lang='lat' dir='ltr'><strong>edomaret</strong></span> <span class='ocrx_word' id='word_1_15' title='bbox 303 135 420 157; x_wconf 74' lang='lat' dir='ltr'><strong>arrogantiam.</strong></span> <span class='ocrx_word' id='word_1_16' title='bbox 433 134 471 152; x_wconf 85' lang='lat' dir='ltr'><strong>Dux</strong></span> <span class='ocrx_word' id='word_1_17' title='bbox 481 139 521 152; x_wconf 82' lang='lat' dir='ltr'><strong>vero</strong></span> <span class='ocrx_word' id='word_1_18' title='bbox 529 134 623 158; x_wconf 78' lang='lat' dir='ltr'><strong>Brahantia,</strong></span> 
     </span>
     <span class='ocr_line' id='line_1_4' title="bbox 54 159 624 182; baseline 0 -5"><span class='ocrx_word' id='word_1_19' title='bbox 54 160 99 181; x_wconf 76' lang='lat' dir='ltr'><strong>regis</strong></span> <span class='ocrx_word' id='word_1_20' title='bbox 107 160 211 182; x_wconf 71' lang='lat' dir='ltr'><strong>avunculus,</strong></span> <span class='ocrx_word' id='word_1_21' title='bbox 222 160 354 177; x_wconf 73' lang='lat' dir='ltr'><strong>controversiam</strong></span> <span class='ocrx_word' id='word_1_22' title='bbox 362 159 406 177; x_wconf 78' lang='lat' dir='ltr'><strong>hanc</strong></span> <span class='ocrx_word' id='word_1_23' title='bbox 414 159 516 177; x_wconf 78' lang='lat' dir='ltr'><strong>reconciliari</strong></span> <span class='ocrx_word' id='word_1_24' title='bbox 525 159 624 182; x_wconf 79' lang='lat' dir='ltr'><strong>disponens,</strong></span> 
     </span>
     <span class='ocr_line' id='line_1_5' title="bbox 53 183 623 207; baseline 0 -6"><span class='ocrx_word' id='word_1_25' title='bbox 53 184 97 202; x_wconf 85' lang='lat' dir='ltr'><strong>diem</strong></span> <span class='ocrx_word' id='word_1_26' title='bbox 113 185 184 202; x_wconf 85' lang='lat' dir='ltr'><strong>instituit</strong></span> <span class='ocrx_word' id='word_1_27' title='bbox 195 184 216 201; x_wconf 87' lang='lat' dir='ltr'><strong>ad</strong></span> <span class='ocrx_word' id='word_1_28' title='bbox 226 184 372 206; x_wconf 74' lang='lat' dir='ltr'><strong>interloquendum</strong></span> <span class='ocrx_word' id='word_1_29' title='bbox 387 184 410 202; x_wconf 84' lang='lat' dir='ltr'><strong>de.</strong></span> <span class='ocrx_word' id='word_1_30' title='bbox 426 183 525 207; x_wconf 85' lang='lat' dir='ltr'><strong>concordia,</strong></span> <span class='ocrx_word' id='word_1_31' title='bbox 540 186 623 206; x_wconf 61' lang='lat' dir='ltr'><strong>quatenus</strong></span> 
     </span>
     <span class='ocr_line' id='line_1_6' title="bbox 53 209 623 232; baseline 0 -6"><span class='ocrx_word' id='word_1_32' title='bbox 53 209 141 231; x_wconf 85' lang='lat' dir='ltr'><strong>utriusque</strong></span> <span class='ocrx_word' id='word_1_33' title='bbox 155 209 207 232; x_wconf 85' lang='lat' dir='ltr'><strong>partis</strong></span> <span class='ocrx_word' id='word_1_34' title='bbox 216 209 299 226; x_wconf 83' lang='lat' dir='ltr'><strong>exercitus</strong></span> <span class='ocrx_word' id='word_1_35' title='bbox 311 209 348 226; x_wconf 87' lang='lat' dir='ltr'><strong>sine</strong></span> <span class='ocrx_word' id='word_1_36' title='bbox 358 209 436 226; x_wconf 73' lang='lat' dir='ltr'><strong>conflictu</strong></span> <span class='ocrx_word' id='word_1_37' title='bbox 448 209 510 226; x_wconf 80' lang='lat' dir='ltr'><strong>rediret</strong></span> <span class='ocrx_word' id='word_1_38' title='bbox 518 209 540 226; x_wconf 88' lang='lat' dir='ltr'><strong>ad</strong></span> <span class='ocrx_word' id='word_1_39' title='bbox 552 209 623 231; x_wconf 84' lang='lat' dir='ltr'><strong>propria.</strong></span> 
     </span>
     <span class='ocr_line' id='line_1_7' title="bbox 54 233 624 256; baseline 0 -5"><span class='ocrx_word' id='word_1_40' title='bbox 54 233 94 251; x_wconf 88' lang='lat' dir='ltr'><strong>Cum</strong></span> <span class='ocrx_word' id='word_1_41' title='bbox 106 235 162 251; x_wconf 81' lang='lat' dir='ltr'><strong>autem</strong></span> <span class='ocrx_word' id='word_1_42' title='bbox 172 234 216 256; x_wconf 89' lang='lat' dir='ltr'><strong>apud</strong></span> <span class='ocrx_word' id='word_1_43' title='bbox 227 234 334 256; x_wconf 80' lang='lat' dir='ltr'><strong>Antverpiam</strong></span> <span class='ocrx_word' id='word_1_44' title='bbox 346 233 439 251; x_wconf 86' lang='lat' dir='ltr'><strong>triduanum</strong></span> <span class='ocrx_word' id='word_1_45' title='bbox 448 235 547 251; x_wconf 73' lang='lat' dir='ltr'><strong>tractaretur</strong></span> <span class='ocrx_word' id='word_1_46' title='bbox 554 234 624 252; x_wconf 76' lang='lat' dir='ltr'><strong>interlo-</strong></span> 
     </span>
     <span class='ocr_line' id='line_1_8' title="bbox 54 258 624 281; baseline 0 -6"><span class='ocrx_word' id='word_1_47' title='bbox 54 259 120 281; x_wconf 80' lang='lat' dir='ltr'><strong>quium,</strong></span> <span class='ocrx_word' id='word_1_48' title='bbox 133 258 224 280; x_wconf 72' lang='lat' dir='ltr'><strong>Margarita</strong></span> <span class='ocrx_word' id='word_1_49' title='bbox 236 259 331 281; x_wconf 67' lang='lat' dir='ltr'><strong>eomitissa,</strong></span> <span class='ocrx_word' id='word_1_50' title='bbox 346 263 431 281; x_wconf 72' lang='lat' dir='ltr'><strong>perperam</strong></span> <span class='ocrx_word' id='word_1_51' title='bbox 446 258 546 281; x_wconf 78' lang='lat' dir='ltr'><strong>intendens,</strong></span> <span class='ocrx_word' id='word_1_52' title='bbox 557 258 624 276; x_wconf 75' lang='lat' dir='ltr'><strong>occulta</strong></span> 
     </span>
     <span class='ocr_line' id='line_1_9' title="bbox 53 283 624 306; baseline 0 -6"><span class='ocrx_word' id='word_1_53' title='bbox 53 283 142 305; x_wconf 78' lang='lat' dir='ltr'><strong>legatione</strong></span> <span class='ocrx_word' id='word_1_54' title='bbox 153 283 239 301; x_wconf 85' lang='lat' dir='ltr'><strong>mandavit</strong></span> <span class='ocrx_word' id='word_1_55' title='bbox 254 284 337 301; x_wconf 71' lang='lat' dir='ltr'><strong>exercitus</strong></span> <span class='ocrx_word' id='word_1_56' title='bbox 347 284 373 300; x_wconf 90' lang='lat' dir='ltr'><strong>sui</strong></span> <span class='ocrx_word' id='word_1_57' title='bbox 387 283 487 306; x_wconf 67' lang='lat' dir='ltr'><strong>capitaneis,</strong></span> <span class='ocrx_word' id='word_1_58' title='bbox 504 284 523 300; x_wconf 91' lang='lat' dir='ltr'><strong>ut</strong></span> <span class='ocrx_word' id='word_1_59' title='bbox 539 283 624 306; x_wconf 84' lang='lat' dir='ltr'><strong>extemplo</strong></span> 
     </span>
     <span class='ocr_line' id='line_1_10' title="bbox 54 308 624 331; baseline 0 -6"><span class='ocrx_word' id='word_1_60' title='bbox 54 308 154 326; x_wconf 71' lang='lat' dir='ltr'><strong>Walaoriam</strong></span> <span class='ocrx_word' id='word_1_61' title='bbox 166 309 260 331; x_wconf 82' lang='lat' dir='ltr'><strong>introirent,</strong></span> <span class='ocrx_word' id='word_1_62' title='bbox 277 309 294 325; x_wconf 84' lang='lat' dir='ltr'><strong>et</strong></span> <span class='ocrx_word' id='word_1_63' title='bbox 306 309 323 325; x_wconf 91' lang='lat' dir='ltr'><strong>in</strong></span> <span class='ocrx_word' id='word_1_64' title='bbox 340 308 417 325; x_wconf 78' lang='lat' dir='ltr'><strong>absentia</strong></span> <span class='ocrx_word' id='word_1_65' title='bbox 433 308 478 330; x_wconf 73' lang='lat' dir='ltr'><strong>regis</strong></span> <span class='ocrx_word' id='word_1_66' title='bbox 491 312 528 325; x_wconf 77' lang='lat' dir='ltr'><strong>curn</strong></span> <span class='ocrx_word' id='word_1_67' title='bbox 539 308 624 326; x_wconf 79' lang='lat' dir='ltr'><strong>Florentio</strong></span> 
     </span>
     <span class='ocr_line' id='line_1_11' title="bbox 53 332 624 355; baseline 0 -5"><span class='ocrx_word' id='word_1_68' title='bbox 53 333 121 355; x_wconf 77' lang='lat' dir='ltr'><strong>preside</strong></span> <span class='ocrx_word' id='word_1_69' title='bbox 128 333 190 350; x_wconf 82' lang='lat' dir='ltr'><strong>bellum</strong></span> <span class='ocrx_word' id='word_1_70' title='bbox 197 333 311 355; x_wconf 66' lang='lat' dir='ltr'><strong>anticiparent.</strong></span> <span class='ocrx_word' id='word_1_71' title='bbox 323 332 379 350; x_wconf 79' lang='lat' dir='ltr'><strong>Acilii</strong></span> <span class='ocrx_word' id='word_1_72' title='bbox 387 332 469 350; x_wconf 84' lang='lat' dir='ltr'><strong>mandatis</strong></span> <span class='ocrx_word' id='word_1_73' title='bbox 479 333 564 350; x_wconf 73' lang='lat' dir='ltr'><strong>comitisse</strong></span> <span class='ocrx_word' id='word_1_74' title='bbox 574 333 624 350; x_wconf 80' lang='lat' dir='ltr'><strong>sesti-</strong></span> 
     </span>
     <span class='ocr_line' id='line_1_12' title="bbox 53 358 623 380; baseline 0 -5"><span class='ocrx_word' id='word_1_75' title='bbox 53 359 113 375; x_wconf 79' lang='lat' dir='ltr'><strong>nauter</strong></span> <span class='ocrx_word' id='word_1_76' title='bbox 121 359 265 380; x_wconf 78' lang='lat' dir='ltr'><strong>optemperantas,</strong></span> <span class='ocrx_word' id='word_1_77' title='bbox 273 362 311 375; x_wconf 79' lang='lat' dir='ltr'><strong>eum</strong></span> <span class='ocrx_word' id='word_1_78' title='bbox 319 359 385 375; x_wconf 70' lang='lat' dir='ltr'><strong>centum</strong></span> <span class='ocrx_word' id='word_1_79' title='bbox 395 359 411 375; x_wconf 88' lang='lat' dir='ltr'><strong>et</strong></span> <span class='ocrx_word' id='word_1_80' title='bbox 422 358 544 379; x_wconf 70' lang='lat' dir='ltr'><strong>quinquaginta</strong></span> <span class='ocrx_word' id='word_1_81' title='bbox 551 358 623 375; x_wconf 84' lang='lat' dir='ltr'><strong>millibus</strong></span> 
     </span>
     <span class='ocr_line' id='line_1_13' title="bbox 53 382 623 405; baseline -0.002 -5"><span class='ocrx_word' id='word_1_82' title='bbox 53 384 153 400; x_wconf 77' lang='lat' dir='ltr'><strong>armatorum</strong></span> <span class='ocrx_word' id='word_1_83' title='bbox 161 382 311 400; x_wconf 74' lang='lat' dir='ltr'><strong>transfretavenrnt</strong></span> <span class='ocrx_word' id='word_1_84' title='bbox 323 382 344 400; x_wconf 83' lang='lat' dir='ltr'><strong>ad</strong></span> <span class='ocrx_word' id='word_1_85' title='bbox 352 382 460 405; x_wconf 75' lang='lat' dir='ltr'><strong>Waleeriam,</strong></span> <span class='ocrx_word' id='word_1_86' title='bbox 472 383 537 399; x_wconf 82' lang='lat' dir='ltr'><strong>minime</strong></span> <span class='ocrx_word' id='word_1_87' title='bbox 544 382 623 400; x_wconf 81' lang='lat' dir='ltr'><strong>diffiden-</strong></span> 
     </span>
     <span class='ocr_line' id='line_1_14' title="bbox 53 407 623 425; baseline 0 -1"><span class='ocrx_word' id='word_1_88' title='bbox 53 409 80 425; x_wconf 89' lang='lat' dir='ltr'><strong>tes</strong></span> <span class='ocrx_word' id='word_1_89' title='bbox 88 409 147 425; x_wconf 79' lang='lat' dir='ltr'><strong>eontra</strong></span> <span class='ocrx_word' id='word_1_90' title='bbox 155 407 255 425; x_wconf 82' lang='lat' dir='ltr'><strong>Florentium</strong></span> <span class='ocrx_word' id='word_1_91' title='bbox 263 407 340 425; x_wconf 85' lang='lat' dir='ltr'><strong>obtinere</strong></span> <span class='ocrx_word' id='word_1_92' title='bbox 348 407 440 424; x_wconf 80' lang='lat' dir='ltr'><strong>victoriam.</strong></span> <span class='ocrx_word' id='word_1_93' title='bbox 452 407 524 424; x_wconf 79' lang='lat' dir='ltr'><strong>Econtra</strong></span> <span class='ocrx_word' id='word_1_94' title='bbox 533 411 573 424; x_wconf 83' lang='lat' dir='ltr'><strong>vero</strong></span> <span class='ocrx_word' id='word_1_95' title='bbox 581 407 623 425; x_wconf 79' lang='lat' dir='ltr'><strong>Flo—-</strong></span> 
     </span>
     <span class='ocr_line' id='line_1_15' title="bbox 53 431 623 454; baseline 0 -5"><span class='ocrx_word' id='word_1_96' title='bbox 53 432 117 449; x_wconf 83' lang='lat' dir='ltr'><strong>rentius</strong></span> <span class='ocrx_word' id='word_1_97' title='bbox 126 436 185 454; x_wconf 87' lang='lat' dir='ltr'><strong>preses</strong></span> <span class='ocrx_word' id='word_1_98' title='bbox 195 436 233 449; x_wconf 80' lang='lat' dir='ltr'><strong>eum</strong></span> <span class='ocrx_word' id='word_1_99' title='bbox 241 432 285 449; x_wconf 80' lang='lat' dir='ltr'><strong>tubis</strong></span> <span class='ocrx_word' id='word_1_100' title='bbox 296 432 371 449; x_wconf 82' lang='lat' dir='ltr'><strong>stridulis</strong></span> <span class='ocrx_word' id='word_1_101' title='bbox 383 434 400 449; x_wconf 88' lang='lat' dir='ltr'><strong>et</strong></span> <span class='ocrx_word' id='word_1_102' title='bbox 410 432 488 449; x_wconf 74' lang='lat' dir='ltr'><strong>cornibus</strong></span> <span class='ocrx_word' id='word_1_103' title='bbox 501 431 593 449; x_wconf 81' lang='lat' dir='ltr'><strong>horrisonis</strong></span> <span class='ocrx_word' id='word_1_104' title='bbox 605 432 623 449; x_wconf 90' lang='lat' dir='ltr'><strong>in</strong></span> 
     </span>
     <span class='ocr_line' id='line_1_16' title="bbox 53 456 623 479; baseline -0.002 -5"><span class='ocrx_word' id='word_1_105' title='bbox 53 457 151 479; x_wconf 77' lang='lat' dir='ltr'><strong>Westcapel</strong></span> <span class='ocrx_word' id='word_1_106' title='bbox 160 457 241 474; x_wconf 79' lang='lat' dir='ltr'><strong>adversos</strong></span> <span class='ocrx_word' id='word_1_107' title='bbox 251 457 310 474; x_wconf 85' lang='lat' dir='ltr'><strong>hostes</strong></span> <span class='ocrx_word' id='word_1_108' title='bbox 317 457 385 474; x_wconf 86' lang='lat' dir='ltr'><strong>viriliter</strong></span> <span class='ocrx_word' id='word_1_109' title='bbox 393 461 474 478; x_wconf 75' lang='lat' dir='ltr'><strong>agressus</strong></span> <span class='ocrx_word' id='word_1_110' title='bbox 483 458 518 479; x_wconf 82' lang='lat' dir='ltr'><strong>est,</strong></span> <span class='ocrx_word' id='word_1_111' title='bbox 533 456 554 474; x_wconf 86' lang='lat' dir='ltr'><strong>de</strong></span> <span class='ocrx_word' id='word_1_112' title='bbox 562 456 623 478; x_wconf 83' lang='lat' dir='ltr'><strong>quihus</strong></span> 
     </span>
     <span class='ocr_line' id='line_1_17' title="bbox 53 481 623 504; baseline -0.002 -5"><span class='ocrx_word' id='word_1_113' title='bbox 53 482 157 504; x_wconf 76' lang='lat' dir='ltr'><strong>inopinatum</strong></span> <span class='ocrx_word' id='word_1_114' title='bbox 165 481 252 504; x_wconf 76' lang='lat' dir='ltr'><strong>tropheum</strong></span> <span class='ocrx_word' id='word_1_115' title='bbox 262 481 289 499; x_wconf 84' lang='lat' dir='ltr'><strong>die</strong></span> <span class='ocrx_word' id='word_1_116' title='bbox 297 483 356 503; x_wconf 80' lang='lat' dir='ltr'><strong>quarto</strong></span> <span class='ocrx_word' id='word_1_117' title='bbox 365 482 428 498; x_wconf 87' lang='lat' dir='ltr'><strong>mensis</strong></span> <span class='ocrx_word' id='word_1_118' title='bbox 436 481 472 498; x_wconf 85' lang='lat' dir='ltr'><strong>iulii</strong></span> <span class='ocrx_word' id='word_1_119' title='bbox 481 482 558 503; x_wconf 73' lang='lat' dir='ltr'><strong>potenter</strong></span> <span class='ocrx_word' id='word_1_120' title='bbox 567 481 623 503; x_wconf 85' lang='lat' dir='ltr'><strong>adep-</strong></span> 
     </span>
     <span class='ocr_line' id='line_1_18' title="bbox 52 506 623 528; baseline 0 -5"><span class='ocrx_word' id='word_1_121' title='bbox 52 508 80 523; x_wconf 91' lang='lat' dir='ltr'><strong>tus</strong></span> <span class='ocrx_word' id='word_1_122' title='bbox 90 508 122 524; x_wconf 72' lang='lat' dir='ltr'><strong>est.</strong></span> <span class='ocrx_word' id='word_1_123' title='bbox 138 506 175 524; x_wconf 81' lang='lat' dir='ltr'><strong>Fuit</strong></span> <span class='ocrx_word' id='word_1_124' title='bbox 187 507 248 523; x_wconf 84' lang='lat' dir='ltr'><strong>etenim</strong></span> <span class='ocrx_word' id='word_1_125' title='bbox 256 507 273 523; x_wconf 92' lang='lat' dir='ltr'><strong>in</strong></span> <span class='ocrx_word' id='word_1_126' title='bbox 283 506 343 524; x_wconf 89' lang='lat' dir='ltr'><strong>eodem</strong></span> <span class='ocrx_word' id='word_1_127' title='bbox 354 506 399 523; x_wconf 84' lang='lat' dir='ltr'><strong>hello</strong></span> <span class='ocrx_word' id='word_1_128' title='bbox 410 508 442 523; x_wconf 82' lang='lat' dir='ltr'><strong>tam</strong></span> <span class='ocrx_word' id='word_1_129' title='bbox 452 508 520 523; x_wconf 78' lang='lat' dir='ltr'><strong>eruenta</strong></span> <span class='ocrx_word' id='word_1_130' title='bbox 530 507 596 528; x_wconf 75' lang='lat' dir='ltr'><strong>strages</strong></span> <span class='ocrx_word' id='word_1_131' title='bbox 605 508 623 523; x_wconf 85' lang='lat' dir='ltr'><strong>et</strong></span> 
     </span>
     <span class='ocr_line' id='line_1_19' title="bbox 52 530 622 554; baseline 0 -6"><span class='ocrx_word' id='word_1_132' title='bbox 52 531 153 548; x_wconf 86' lang='lat' dir='ltr'><strong>horrendum</strong></span> <span class='ocrx_word' id='word_1_133' title='bbox 164 531 255 554; x_wconf 74' lang='lat' dir='ltr'><strong>excidium,</strong></span> <span class='ocrx_word' id='word_1_134' title='bbox 267 532 285 548; x_wconf 90' lang='lat' dir='ltr'><strong>ut</strong></span> <span class='ocrx_word' id='word_1_135' title='bbox 294 530 383 548; x_wconf 81' lang='lat' dir='ltr'><strong>Hollandie</strong></span> <span class='ocrx_word' id='word_1_136' title='bbox 395 532 412 548; x_wconf 90' lang='lat' dir='ltr'><strong>et</strong></span> <span class='ocrx_word' id='word_1_137' title='bbox 421 530 501 548; x_wconf 78' lang='lat' dir='ltr'><strong>Zelendie</strong></span> <span class='ocrx_word' id='word_1_138' title='bbox 513 530 570 553; x_wconf 84' lang='lat' dir='ltr'><strong>populi</strong></span> <span class='ocrx_word' id='word_1_139' title='bbox 580 535 622 553; x_wconf 86' lang='lat' dir='ltr'><strong>per-</strong></span> 
     </span>
     <span class='ocr_line' id='line_1_20' title="bbox 53 555 623 573; baseline -0.002 0"><span class='ocrx_word' id='word_1_140' title='bbox 53 556 140 573; x_wconf 76' lang='lat' dir='ltr'><strong>mexitnam</strong></span> <span class='ocrx_word' id='word_1_141' title='bbox 149 555 269 573; x_wconf 84' lang='lat' dir='ltr'><strong>multitudinem</strong></span> <span class='ocrx_word' id='word_1_142' title='bbox 278 556 410 573; x_wconf 77' lang='lat' dir='ltr'><strong>Fluudriensium</strong></span> <span class='ocrx_word' id='word_1_143' title='bbox 423 557 440 573; x_wconf 83' lang='lat' dir='ltr'><strong>et</strong></span> <span class='ocrx_word' id='word_1_144' title='bbox 450 555 550 573; x_wconf 71' lang='lat' dir='ltr'><strong>Francorum</strong></span> <span class='ocrx_word' id='word_1_145' title='bbox 562 556 623 573; x_wconf 81' lang='lat' dir='ltr'><strong>interi-</strong></span> 
     </span>
     <span class='ocr_line' id='line_1_21' title="bbox 52 580 623 603; baseline -0.002 -5"><span class='ocrx_word' id='word_1_146' title='bbox 52 582 125 603; x_wconf 81' lang='lat' dir='ltr'><strong>merent,</strong></span> <span class='ocrx_word' id='word_1_147' title='bbox 141 582 158 598; x_wconf 87' lang='lat' dir='ltr'><strong>et</strong></span> <span class='ocrx_word' id='word_1_148' title='bbox 171 585 225 603; x_wconf 81' lang='lat' dir='ltr'><strong>usqne</strong></span> <span class='ocrx_word' id='word_1_149' title='bbox 237 580 258 598; x_wconf 74' lang='lat' dir='ltr'><strong>nd</strong></span> <span class='ocrx_word' id='word_1_150' title='bbox 269 581 313 598; x_wconf 82' lang='lat' dir='ltr'><strong>talos</strong></span> <span class='ocrx_word' id='word_1_151' title='bbox 323 581 340 598; x_wconf 90' lang='lat' dir='ltr'><strong>in</strong></span> <span class='ocrx_word' id='word_1_152' title='bbox 354 581 448 598; x_wconf 79' lang='lat' dir='ltr'><strong>occisorum</strong></span> <span class='ocrx_word' id='word_1_153' title='bbox 460 584 518 598; x_wconf 84' lang='lat' dir='ltr'><strong>cruore</strong></span> <span class='ocrx_word' id='word_1_154' title='bbox 530 580 623 602; x_wconf 76' lang='lat' dir='ltr'><strong>pugnando</strong></span> 
     </span>
     <span class='ocr_line' id='line_1_22' title="bbox 53 605 621 627; baseline -0.002 -4"><span class='ocrx_word' id='word_1_155' title='bbox 53 605 169 623; x_wconf 61' lang='lat' dir='ltr'><strong>subsisterent-</strong></span> <span class='ocrx_word' id='word_1_156' title='bbox 186 605 251 623; x_wconf 86' lang='lat' dir='ltr'><strong>lnteren</strong></span> <span class='ocrx_word' id='word_1_157' title='bbox 264 610 294 623; x_wconf 85' lang='lat' dir='ltr'><strong>rex</strong></span> <span class='ocrx_word' id='word_1_158' title='bbox 307 610 372 623; x_wconf 84' lang='lat' dir='ltr'><strong>omnem</strong></span> <span class='ocrx_word' id='word_1_159' title='bbox 382 610 416 623; x_wconf 84' lang='lat' dir='ltr'><strong>rem</strong></span> <span class='ocrx_word' id='word_1_160' title='bbox 428 607 492 627; x_wconf 76' lang='lat' dir='ltr'><strong>gestam</strong></span> <span class='ocrx_word' id='word_1_161' title='bbox 504 609 534 627; x_wconf 89' lang='lat' dir='ltr'><strong>per</strong></span> <span class='ocrx_word' id='word_1_162' title='bbox 544 605 621 622; x_wconf 78' lang='lat' dir='ltr'><strong>festivum</strong></span> 
     </span>
     <span class='ocr_line' id='line_1_23' title="bbox 52 629 623 652; baseline 0 -5"><span class='ocrx_word' id='word_1_163' title='bbox 52 631 127 647; x_wconf 82' lang='lat' dir='ltr'><strong>nuntium</strong></span> <span class='ocrx_word' id='word_1_164' title='bbox 138 630 244 652; x_wconf 78' lang='lat' dir='ltr'><strong>intelligens,</strong></span> <span class='ocrx_word' id='word_1_165' title='bbox 254 632 272 647; x_wconf 81' lang='lat' dir='ltr'><strong>et</strong></span> <span class='ocrx_word' id='word_1_166' title='bbox 286 630 375 652; x_wconf 75' lang='lat' dir='ltr'><strong>Margarite</strong></span> <span class='ocrx_word' id='word_1_167' title='bbox 386 630 471 647; x_wconf 79' lang='lat' dir='ltr'><strong>comitisse</strong></span> <span class='ocrx_word' id='word_1_168' title='bbox 481 629 556 647; x_wconf 75' lang='lat' dir='ltr'><strong>dolosam</strong></span> <span class='ocrx_word' id='word_1_169' title='bbox 571 630 623 647; x_wconf 78' lang='lat' dir='ltr'><strong>tradi-</strong></span> 
     </span>
     <span class='ocr_line' id='line_1_24' title="bbox 53 655 623 678; baseline -0.002 -6"><span class='ocrx_word' id='word_1_170' title='bbox 53 655 115 672; x_wconf 79' lang='lat' dir='ltr'><strong>tionem</strong></span> <span class='ocrx_word' id='word_1_171' title='bbox 123 655 199 678; x_wconf 85' lang='lat' dir='ltr'><strong>intnens,</strong></span> <span class='ocrx_word' id='word_1_172' title='bbox 211 655 286 672; x_wconf 85' lang='lat' dir='ltr'><strong>deseruit</strong></span> <span class='ocrx_word' id='word_1_173' title='bbox 298 655 415 677; x_wconf 81' lang='lat' dir='ltr'><strong>Antverpiam,</strong></span> <span class='ocrx_word' id='word_1_174' title='bbox 428 656 445 672; x_wconf 87' lang='lat' dir='ltr'><strong>et</strong></span> <span class='ocrx_word' id='word_1_175' title='bbox 453 655 540 677; x_wconf 81' lang='lat' dir='ltr'><strong>repentino</strong></span> <span class='ocrx_word' id='word_1_176' title='bbox 552 655 623 676; x_wconf 76' lang='lat' dir='ltr'><strong>remigio</strong></span> 
     </span>
     <span class='ocr_line' id='line_1_25' title="bbox 52 679 623 702; baseline -0.002 -5"><span class='ocrx_word' id='word_1_177' title='bbox 52 680 139 702; x_wconf 79' lang='lat' dir='ltr'><strong>profectus</strong></span> <span class='ocrx_word' id='word_1_178' title='bbox 147 682 173 697; x_wconf 82' lang='lat' dir='ltr'><strong>est</strong></span> <span class='ocrx_word' id='word_1_179' title='bbox 183 680 200 697; x_wconf 88' lang='lat' dir='ltr'><strong>in</strong></span> <span class='ocrx_word' id='word_1_180' title='bbox 210 680 325 697; x_wconf 74' lang='lat' dir='ltr'><strong>Walaohriam.</strong></span> <span class='ocrx_word' id='word_1_181' title='bbox 342 680 363 697; x_wconf 85' lang='lat' dir='ltr'><strong>Et</strong></span> <span class='ocrx_word' id='word_1_182' title='bbox 375 684 416 696; x_wconf 82' lang='lat' dir='ltr'><strong>eece</strong></span> <span class='ocrx_word' id='word_1_183' title='bbox 427 679 492 701; x_wconf 78' lang='lat' dir='ltr'><strong>fugitivi</strong></span> <span class='ocrx_word' id='word_1_184' title='bbox 504 679 623 696; x_wconf 78' lang='lat' dir='ltr'><strong>Flandrienses</strong></span> 
     </span>
     <span class='ocr_line' id='line_1_26' title="bbox 53 703 623 727; baseline -0.002 -5"><span class='ocrx_word' id='word_1_185' title='bbox 53 706 70 721; x_wconf 81' lang='lat' dir='ltr'><strong>et</strong></span> <span class='ocrx_word' id='word_1_186' title='bbox 76 704 135 722; x_wconf 75' lang='lat' dir='ltr'><strong>Franci</strong></span> <span class='ocrx_word' id='word_1_187' title='bbox 144 704 225 727; x_wconf 83' lang='lat' dir='ltr'><strong>depositis</strong></span> <span class='ocrx_word' id='word_1_188' title='bbox 236 705 285 722; x_wconf 90' lang='lat' dir='ltr'><strong>armis</strong></span> <span class='ocrx_word' id='word_1_189' title='bbox 296 704 386 722; x_wconf 84' lang='lat' dir='ltr'><strong>humillima</strong></span> <span class='ocrx_word' id='word_1_190' title='bbox 394 708 445 726; x_wconf 71' lang='lat' dir='ltr'><strong>prece</strong></span> <span class='ocrx_word' id='word_1_191' title='bbox 458 704 504 725; x_wconf 76' lang='lat' dir='ltr'><strong>regis</strong></span> <span class='ocrx_word' id='word_1_192' title='bbox 517 703 573 721; x_wconf 77' lang='lat' dir='ltr'><strong>adiero</strong></span> <span class='ocrx_word' id='word_1_193' title='bbox 582 709 623 726; x_wconf 85' lang='lat' dir='ltr'><strong>pre-</strong></span> 
     </span>
     <span class='ocr_line' id='line_1_27' title="bbox 52 729 624 751; baseline 0 -5"><span class='ocrx_word' id='word_1_194' title='bbox 52 729 128 747; x_wconf 78' lang='lat' dir='ltr'><strong>sentiam.</strong></span> <span class='ocrx_word' id='word_1_195' title='bbox 141 729 188 749; x_wconf 83' lang='lat' dir='ltr'><strong>Quos</strong></span> <span class='ocrx_word' id='word_1_196' title='bbox 196 731 213 747; x_wconf 87' lang='lat' dir='ltr'><strong>et</strong></span> <span class='ocrx_word' id='word_1_197' title='bbox 219 730 256 751; x_wconf 80' lang='lat' dir='ltr'><strong>ipse</strong></span> <span class='ocrx_word' id='word_1_198' title='bbox 261 734 282 746; x_wconf 85' lang='lat' dir='ltr'><strong>ex</strong></span> <span class='ocrx_word' id='word_1_199' title='bbox 291 729 404 746; x_wconf 77' lang='lat' dir='ltr'><strong>misericordia</strong></span> <span class='ocrx_word' id='word_1_200' title='bbox 409 730 464 746; x_wconf 87' lang='lat' dir='ltr'><strong>motus</strong></span> <span class='ocrx_word' id='word_1_201' title='bbox 473 729 549 751; x_wconf 75' lang='lat' dir='ltr'><strong>suscepit</strong></span> <span class='ocrx_word' id='word_1_202' title='bbox 556 729 573 746; x_wconf 93' lang='lat' dir='ltr'><strong>in</strong></span> <span class='ocrx_word' id='word_1_203' title='bbox 582 733 624 750; x_wconf 76' lang='lat' dir='ltr'><strong>gra-</strong></span> 
     </span>
     <span class='ocr_line' id='line_1_28' title="bbox 53 753 623 776; baseline 0 -5"><span class='ocrx_word' id='word_1_204' title='bbox 53 754 96 771; x_wconf 75' lang='lat' dir='ltr'><strong>tiam.</strong></span> <span class='ocrx_word' id='word_1_205' title='bbox 109 754 157 771; x_wconf 89' lang='lat' dir='ltr'><strong>lstud</strong></span> <span class='ocrx_word' id='word_1_206' title='bbox 165 755 233 776; x_wconf 84' lang='lat' dir='ltr'><strong>prelium</strong></span> <span class='ocrx_word' id='word_1_207' title='bbox 243 754 314 775; x_wconf 74' lang='lat' dir='ltr'><strong>contigit</strong></span> <span class='ocrx_word' id='word_1_208' title='bbox 322 759 367 772; x_wconf 76' lang='lat' dir='ltr'><strong>anno</strong></span> <span class='ocrx_word' id='word_1_209' title='bbox 376 753 441 776; x_wconf 75' lang='lat' dir='ltr'><strong>pretato</strong></span> <span class='ocrx_word' id='word_1_210' title='bbox 447 754 465 771; x_wconf 86' lang='lat' dir='ltr'><strong>in</strong></span> <span class='ocrx_word' id='word_1_211' title='bbox 474 753 501 771; x_wconf 83' lang='lat' dir='ltr'><strong>die</strong></span> <span class='ocrx_word' id='word_1_212' title='bbox 510 754 623 772; x_wconf 76' lang='lat' dir='ltr'><strong>translationis</strong></span> 
     </span>
     <span class='ocr_line' id='line_1_29' title="bbox 52 778 624 801; baseline -0.002 -5"><span class='ocrx_word' id='word_1_213' title='bbox 52 779 97 796; x_wconf 82' lang='lat' dir='ltr'><strong>beati</strong></span> <span class='ocrx_word' id='word_1_214' title='bbox 105 779 182 801; x_wconf 80' lang='lat' dir='ltr'><strong>Martini,</strong></span> <span class='ocrx_word' id='word_1_215' title='bbox 192 780 209 796; x_wconf 85' lang='lat' dir='ltr'><strong>et</strong></span> <span class='ocrx_word' id='word_1_216' title='bbox 217 778 276 796; x_wconf 77' lang='lat' dir='ltr'><strong>eodem</strong></span> <span class='ocrx_word' id='word_1_217' title='bbox 286 779 307 796; x_wconf 71' lang='lat' dir='ltr'><strong>de</strong></span> <span class='ocrx_word' id='word_1_218' title='bbox 316 780 362 801; x_wconf 83' lang='lat' dir='ltr'><strong>parte</strong></span> <span class='ocrx_word' id='word_1_219' title='bbox 372 778 504 796; x_wconf 79' lang='lat' dir='ltr'><strong>Flandriensium</strong></span> <span class='ocrx_word' id='word_1_220' title='bbox 514 780 531 795; x_wconf 88' lang='lat' dir='ltr'><strong>et</strong></span> <span class='ocrx_word' id='word_1_221' title='bbox 539 778 624 796; x_wconf 77' lang='lat' dir='ltr'><strong>Gallorum</strong></span> 
     </span>
     <span class='ocr_line' id='line_1_30' title="bbox 53 803 624 826; baseline -0.002 -5"><span class='ocrx_word' id='word_1_222' title='bbox 53 804 175 826; x_wconf 74' lang='lat' dir='ltr'><strong>quinquaginta</strong></span> <span class='ocrx_word' id='word_1_223' title='bbox 188 803 238 821; x_wconf 85' lang='lat' dir='ltr'><strong>millia</strong></span> <span class='ocrx_word' id='word_1_224' title='bbox 251 805 290 820; x_wconf 87' lang='lat' dir='ltr'><strong>sunt</strong></span> <span class='ocrx_word' id='word_1_225' title='bbox 302 804 369 826; x_wconf 69' lang='lat' dir='ltr'><strong>occisa,</strong></span> <span class='ocrx_word' id='word_1_226' title='bbox 387 803 509 825; x_wconf 70' lang='lat' dir='ltr'><strong>quinquaginta</strong></span> <span class='ocrx_word' id='word_1_227' title='bbox 521 803 571 820; x_wconf 75' lang='lat' dir='ltr'><strong>millia</strong></span> <span class='ocrx_word' id='word_1_228' title='bbox 580 803 624 820; x_wconf 83' lang='lat' dir='ltr'><strong>suh-</strong></span> 
     </span>
     <span class='ocr_line' id='line_1_31' title="bbox 52 827 623 851; baseline 0 -6"><span class='ocrx_word' id='word_1_229' title='bbox 52 832 115 851; x_wconf 80' lang='lat' dir='ltr'><strong>mersa,</strong></span> <span class='ocrx_word' id='word_1_230' title='bbox 129 830 146 845; x_wconf 91' lang='lat' dir='ltr'><strong>et</strong></span> <span class='ocrx_word' id='word_1_231' title='bbox 155 828 275 850; x_wconf 72' lang='lat' dir='ltr'><strong>quinquaginta</strong></span> <span class='ocrx_word' id='word_1_232' title='bbox 285 828 336 845; x_wconf 90' lang='lat' dir='ltr'><strong>millia</strong></span> <span class='ocrx_word' id='word_1_233' title='bbox 344 828 434 850; x_wconf 78' lang='lat' dir='ltr'><strong>captivata.</strong></span> <span class='ocrx_word' id='word_1_234' title='bbox 450 827 485 844; x_wconf 83' lang='lat' dir='ltr'><strong>Rex</strong></span> <span class='ocrx_word' id='word_1_235' title='bbox 494 828 545 849; x_wconf 78' lang='lat' dir='ltr'><strong>igitur</strong></span> <span class='ocrx_word' id='word_1_236' title='bbox 553 828 623 845; x_wconf 73' lang='lat' dir='ltr'><strong>comites</strong></span> 
     </span>
     <span class='ocr_line' id='line_1_32' title="bbox 52 852 623 875; baseline -0.002 -5"><span class='ocrx_word' id='word_1_237' title='bbox 52 852 74 870; x_wconf 89' lang='lat' dir='ltr'><strong>de</strong></span> <span class='ocrx_word' id='word_1_238' title='bbox 82 853 153 875; x_wconf 84' lang='lat' dir='ltr'><strong>Ghysen</strong></span> <span class='ocrx_word' id='word_1_239' title='bbox 165 855 183 870; x_wconf 87' lang='lat' dir='ltr'><strong>et</strong></span> <span class='ocrx_word' id='word_1_240' title='bbox 195 853 216 870; x_wconf 88' lang='lat' dir='ltr'><strong>de</strong></span> <span class='ocrx_word' id='word_1_241' title='bbox 228 853 280 870; x_wconf 84' lang='lat' dir='ltr'><strong>Berro</strong></span> <span class='ocrx_word' id='word_1_242' title='bbox 294 853 371 875; x_wconf 77' lang='lat' dir='ltr'><strong>duosque</strong></span> <span class='ocrx_word' id='word_1_243' title='bbox 384 852 429 870; x_wconf 85' lang='lat' dir='ltr'><strong>tilios</strong></span> <span class='ocrx_word' id='word_1_244' title='bbox 439 852 528 874; x_wconf 74' lang='lat' dir='ltr'><strong>Margarita</strong></span> <span class='ocrx_word' id='word_1_245' title='bbox 538 853 623 870; x_wconf 73' lang='lat' dir='ltr'><strong>comitisse</strong></span> 
     </span>
     <span class='ocr_line' id='line_1_33' title="bbox 52 877 623 900; baseline -0.002 -5"><span class='ocrx_word' id='word_1_246' title='bbox 52 878 128 900; x_wconf 75' lang='lat' dir='ltr'><strong>captivos</strong></span> <span class='ocrx_word' id='word_1_247' title='bbox 138 878 228 895; x_wconf 81' lang='lat' dir='ltr'><strong>destinavit</strong></span> <span class='ocrx_word' id='word_1_248' title='bbox 237 877 258 895; x_wconf 90' lang='lat' dir='ltr'><strong>ad</strong></span> <span class='ocrx_word' id='word_1_249' title='bbox 266 877 376 895; x_wconf 76' lang='lat' dir='ltr'><strong>Holiandiam.</strong></span> <span class='ocrx_word' id='word_1_250' title='bbox 385 877 416 898; x_wconf 87' lang='lat' dir='ltr'><strong>Qui</strong></span> <span class='ocrx_word' id='word_1_251' title='bbox 426 879 443 894; x_wconf 81' lang='lat' dir='ltr'><strong>et</strong></span> <span class='ocrx_word' id='word_1_252' title='bbox 450 877 537 898; x_wconf 76' lang='lat' dir='ltr'><strong>vulgarem</strong></span> <span class='ocrx_word' id='word_1_253' title='bbox 544 877 623 899; x_wconf 80' lang='lat' dir='ltr'><strong>populum</strong></span> 
     </span>
     <span class='ocr_line' id='line_1_34' title="bbox 52 901 624 924; baseline -0.002 -4"><span class='ocrx_word' id='word_1_254' title='bbox 52 903 121 920; x_wconf 86' lang='lat' dir='ltr'><strong>omuino</strong></span> <span class='ocrx_word' id='word_1_255' title='bbox 134 902 236 920; x_wconf 84' lang='lat' dir='ltr'><strong>denudatum</strong></span> <span class='ocrx_word' id='word_1_256' title='bbox 249 903 313 920; x_wconf 86' lang='lat' dir='ltr'><strong>remisit</strong></span> <span class='ocrx_word' id='word_1_257' title='bbox 325 903 346 920; x_wconf 90' lang='lat' dir='ltr'><strong>ad</strong></span> <span class='ocrx_word' id='word_1_258' title='bbox 359 902 461 924; x_wconf 76' lang='lat' dir='ltr'><strong>Flandriam3</strong></span> <span class='ocrx_word' id='word_1_259' title='bbox 474 902 497 919; x_wconf 82' lang='lat' dir='ltr'><strong>ite</strong></span> <span class='ocrx_word' id='word_1_260' title='bbox 509 901 554 923; x_wconf 75' lang='lat' dir='ltr'><strong>quod</strong></span> <span class='ocrx_word' id='word_1_261' title='bbox 568 906 624 919; x_wconf 84' lang='lat' dir='ltr'><strong>unus-</strong></span> 
     </span>
     <span class='ocr_line' id='line_1_35' title="bbox 52 927 624 950; baseline -0.002 -5"><span class='ocrx_word' id='word_1_262' title='bbox 52 928 125 950; x_wconf 80' lang='lat' dir='ltr'><strong>quisque</strong></span> <span class='ocrx_word' id='word_1_263' title='bbox 140 928 237 949; x_wconf 74' lang='lat' dir='ltr'><strong>Flamingus</strong></span> <span class='ocrx_word' id='word_1_264' title='bbox 250 932 259 945; x_wconf 85' lang='lat' dir='ltr'><strong>e</strong></span> <span class='ocrx_word' id='word_1_265' title='bbox 274 928 317 950; x_wconf 84' lang='lat' dir='ltr'><strong>pisis</strong></span> <span class='ocrx_word' id='word_1_266' title='bbox 333 927 425 945; x_wconf 79' lang='lat' dir='ltr'><strong>virentibus</strong></span> <span class='ocrx_word' id='word_1_267' title='bbox 437 927 539 949; x_wconf 74' lang='lat' dir='ltr'><strong>perizomata</strong></span> <span class='ocrx_word' id='word_1_268' title='bbox 551 927 624 944; x_wconf 72' lang='lat' dir='ltr'><strong>eircum-</strong></span> 
     </span>
    </p>
   </div>
   <div class='ocr_carea' id='block_1_3' title="bbox 19 951 623 975">
    <p class='ocr_par' dir='ltr' id='par_1_3' title="bbox 19 951 623 975">
     <span class='ocr_line' id='line_1_36' title="bbox 19 951 623 975; baseline -0.003 -5"><span class='ocrx_word' id='word_1_269' title='bbox 19 957 21 959; x_wconf 84' lang='lat'>·</span> <span class='ocrx_word' id='word_1_270' title='bbox 51 952 139 975; x_wconf 78' lang='lat' dir='ltr'><strong>plectens,</strong></span> <span class='ocrx_word' id='word_1_271' title='bbox 153 954 170 969; x_wconf 82' lang='lat' dir='ltr'><strong>et</strong></span> <span class='ocrx_word' id='word_1_272' title='bbox 182 952 242 970; x_wconf 82' lang='lat' dir='ltr'><strong>exinde</strong></span> <span class='ocrx_word' id='word_1_273' title='bbox 255 952 315 970; x_wconf 84' lang='lat' dir='ltr'><strong>bracas</strong></span> <span class='ocrx_word' id='word_1_274' title='bbox 328 952 387 969; x_wconf 83' lang='lat' dir='ltr'><strong>lumbis</strong></span> <span class='ocrx_word' id='word_1_275' title='bbox 401 952 437 970; x_wconf 89' lang='lat' dir='ltr'><strong>suis</strong></span> <span class='ocrx_word' id='word_1_276' title='bbox 449 951 532 973; x_wconf 80' lang='lat' dir='ltr'><strong>adaptans</strong></span> <span class='ocrx_word' id='word_1_277' title='bbox 541 951 562 969; x_wconf 85' lang='lat' dir='ltr'><strong>ad</strong></span> <span class='ocrx_word' id='word_1_278' title='bbox 571 951 623 969; x_wconf 81' lang='lat' dir='ltr'><strong>Flan-</strong></span> 
     </span>
    </p>
   </div>
   <div class='ocr_carea' id='block_1_4' title="bbox 51 976 624 1099">
    <p class='ocr_par' dir='ltr' id='par_1_4' title="bbox 51 976 623 1024">
     <span class='ocr_line' id='line_1_37' title="bbox 52 976 623 1000; baseline -0.002 -6"><span class='ocrx_word' id='word_1_279' title='bbox 52 977 103 994; x_wconf 88' lang='lat' dir='ltr'><strong>driam</strong></span> <span class='ocrx_word' id='word_1_280' title='bbox 113 981 191 994; x_wconf 87' lang='lat' dir='ltr'><strong>reversus</strong></span> <span class='ocrx_word' id='word_1_281' title='bbox 201 979 235 1000; x_wconf 74' lang='lat' dir='ltr'><strong>est,</strong></span> <span class='ocrx_word' id='word_1_282' title='bbox 244 979 262 994; x_wconf 80' lang='lat' dir='ltr'><strong>et</strong></span> <span class='ocrx_word' id='word_1_283' title='bbox 270 982 300 995; x_wconf 80' lang='lat' dir='ltr'><strong>rex</strong></span> <span class='ocrx_word' id='word_1_284' title='bbox 308 977 423 999; x_wconf 77' lang='lat' dir='ltr'><strong>triumphalem</strong></span> <span class='ocrx_word' id='word_1_285' title='bbox 435 976 502 993; x_wconf 78' lang='lat' dir='ltr'><strong>laudem</strong></span> <span class='ocrx_word' id='word_1_286' title='bbox 514 976 536 993; x_wconf 78' lang='lat' dir='ltr'><strong>ab</strong></span> <span class='ocrx_word' id='word_1_287' title='bbox 545 976 623 994; x_wconf 80' lang='lat' dir='ltr'><strong>hostibus</strong></span> 
     </span>
     <span class='ocr_line' id='line_1_38' title="bbox 51 1002 255 1024; baseline 0 -5"><span class='ocrx_word' id='word_1_288' title='bbox 51 1002 138 1024; x_wconf 80' lang='lat' dir='ltr'><strong>inopinate</strong></span> <span class='ocrx_word' id='word_1_289' title='bbox 150 1002 214 1024; x_wconf 80' lang='lat' dir='ltr'><strong>potitus</strong></span> <span class='ocrx_word' id='word_1_290' title='bbox 223 1003 255 1019; x_wconf 82' lang='lat' dir='ltr'><strong>est.</strong></span> 
     </span>
    </p>

    <p class='ocr_par' dir='ltr' id='par_1_5' title="bbox 51 1026 624 1099">
     <span class='ocr_line' id='line_1_39' title="bbox 88 1026 623 1049; baseline -0.002 -5"><span class='ocrx_word' id='word_1_291' title='bbox 88 1027 181 1049; x_wconf 75' lang='lat' dir='ltr'><strong>Margarita</strong></span> <span class='ocrx_word' id='word_1_292' title='bbox 197 1026 263 1049; x_wconf 79' lang='lat' dir='ltr'><strong>quidem</strong></span> <span class='ocrx_word' id='word_1_293' title='bbox 280 1026 366 1044; x_wconf 75' lang='lat' dir='ltr'><strong>eomitissa</strong></span> <span class='ocrx_word' id='word_1_294' title='bbox 379 1026 441 1043; x_wconf 87' lang='lat' dir='ltr'><strong>ruinam</strong></span> <span class='ocrx_word' id='word_1_295' title='bbox 454 1030 485 1043; x_wconf 84' lang='lat' dir='ltr'><strong>sue</strong></span> <span class='ocrx_word' id='word_1_296' title='bbox 499 1026 555 1047; x_wconf 75' lang='lat' dir='ltr'><strong>gentis</strong></span> <span class='ocrx_word' id='word_1_297' title='bbox 568 1030 623 1043; x_wconf 86' lang='lat' dir='ltr'><strong>amare</strong></span> 
     </span>
     <span class='ocr_line' id='line_1_40' title="bbox 51 1049 623 1074; baseline -0.002 -5"><span class='ocrx_word' id='word_1_298' title='bbox 51 1051 128 1074; x_wconf 82' lang='lat' dir='ltr'><strong>dellens,</strong></span> <span class='ocrx_word' id='word_1_299' title='bbox 142 1049 238 1069; x_wconf 67' lang='lat' dir='ltr'><strong>sollicitavit</strong></span> <span class='ocrx_word' id='word_1_300' title='bbox 247 1051 324 1069; x_wconf 87' lang='lat' dir='ltr'><strong>Carolum</strong></span> <span class='ocrx_word' id='word_1_301' title='bbox 335 1050 477 1072; x_wconf 79' lang='lat' dir='ltr'><strong>Andagavensem</strong></span> <span class='ocrx_word' id='word_1_302' title='bbox 489 1051 575 1073; x_wconf 72' lang='lat' dir='ltr'><strong>comitem,</strong></span> <span class='ocrx_word' id='word_1_303' title='bbox 587 1050 623 1068; x_wconf 78' lang='lat' dir='ltr'><strong>fra-</strong></span> 
     </span>
     <span class='ocr_line' id='line_1_41' title="bbox 51 1075 624 1099; baseline -0.003 -5"><span class='ocrx_word' id='word_1_304' title='bbox 51 1078 91 1094; x_wconf 85' lang='lat' dir='ltr'><strong>trem</strong></span> <span class='ocrx_word' id='word_1_305' title='bbox 100 1077 156 1094; x_wconf 79' lang='lat' dir='ltr'><strong>saneti</strong></span> <span class='ocrx_word' id='word_1_306' title='bbox 160 1076 242 1094; x_wconf 85' lang='lat' dir='ltr'><strong>Ludovici</strong></span> <span class='ocrx_word' id='word_1_307' title='bbox 251 1076 355 1094; x_wconf 77' lang='lat' dir='ltr'><strong>contessoris</strong></span> <span class='ocrx_word' id='word_1_308' title='bbox 364 1077 381 1093; x_wconf 93' lang='lat' dir='ltr'><strong>et</strong></span> <span class='ocrx_word' id='word_1_309' title='bbox 389 1076 440 1099; x_wconf 66' lang='lat' dir='ltr'><strong>regis,</strong></span> <span class='ocrx_word' id='word_1_310' title='bbox 449 1075 515 1093; x_wconf 76' lang='lat' dir='ltr'><strong>blandis</strong></span> <span class='ocrx_word' id='word_1_311' title='bbox 524 1075 624 1097; x_wconf 72' lang='lat' dir='ltr'><strong>suggestio·-</strong></span> 
     </span>
    </p>
   </div>
  </div>
 </body>
</html>
