738 1221
125 58 132 75 1
137 57 160 76 78
311 64 375 76 Atini-u
386 64 503 76 winitarius-o,

83 103 117 118 «2³³
126 100 183 116 sttiuta
196 103 268 120 unquam
283 99 300 116 iu
311 100 410 121 perpetuum
424 103 475 122 super
489 98 550 116 talibus
567 99 643 120 negociis
659 103 692 121 que

123 124 195 145 tangunt
210 123 334 145 inquisitionem
350 123 459 140 hereticorum
476 123 541 140 tirmiter
556 123 691 142 observarentur.

123 148 219 166 Affirmabat
228 148 279 165 eciam
288 148 365 165 dominus
372 152 421 170 papa,
429 152 487 165 omues
495 148 565 165 ciericos
574 152 614 165 esse
622 149 691 170 irregu-

122 173 166 190 lares
176 173 204 195 qui
213 173 250 190 huic
259 172 304 190 facto
313 172 423 190 interfuerunt
433 174 557 190 consenserunt
568 173 595 190 vel
607 173 691 190 viderunt.

122 198 143 215 Et
155 198 180 215 sic
189 197 246 215 divino
255 197 317 214 auxilio
326 197 395 215 liberata
408 199 434 215 est
442 197 536 215 'l'heutonia
549 197 570 214 ah
583 198 617 215 isto
628 197 690 215 iudicio

122 223 185 240 enormi
198 224 215 240 et
226 222 306 239 inaudito.
324 221 390 242 Quanta
403 222 446 239 enim
457 224 490 239 tam
503 222 520 239 in
532 222 628 240 Wormaoia
641 227 691 244 quam

122 247 161 265 alibi
175 251 204 269 per
216 247 263 269 ipsos
277 246 336 264 tuerint
348 248 442 269 perpetrata
454 247 482 264 vix
494 246 567 264 describi
579 248 651 269 possent
663 248 691 264 11111

122 272 225 289 dinumerari.

159 296 209 314 Anno
222 296 284 313 domini
297 296 404 315 mcc-xxxiii.
417 297 456 313 tune
471 296 523 318 primo
536 296 598 319 incepit
612 296 690 314 dominus

122 321 212 339 Heinricus
224 321 334 338 Romanorum
348 325 377 339 rex
386 322 404 338 et
412 321 446 338 diu
456 321 517 338 Suevie
526 326 612 344 opponere
622 326 641 339 se
651 322 690 339 totis

122 346 185 363 viribus
199 346 271 363 domino
277 346 319 368 patri
328 350 360 363 suo
372 345 456 363 Friderioo
465 346 576 363 Romanorum
585 346 689 369 imperatoris

122 371 226 388 Jherusalem
236 373 252 387 et
262 370 317 388 Sicilie
326 371 366 392 regi.
378 370 475 388 Offendemt
484 371 526 388 enim
536 371 553 388 111
562 371 617 388 multis
625 373 690 393 patrem

122 400 170 413 51111111
175 409 180 418 ‚
192 397 209 413 et
218 396 234 412 in
247 395 279 412 hoc
292 396 361 412 maxime
371 395 416 417 quod
425 394 546 413 nobilissimam
555 397 647 413 matronam
656 395 689 413 do-

122 421 183 437 minam
191 420 313 442 Margaretham
322 420 411 441 coniugem
420 424 476 443 suam,
488 420 556 437 illustris
565 420 613 438 ducis
621 419 689 438 Austn'e

122 445 179 467 liliam,
189 444 268 462 deserere
277 445 337 467 voluit,
353 446 370 462 et
379 444 410 462 51111
420 449 506 462 assumere
516 449 590 462 sororem
599 445 646 467 regis
655 445 689 463 Βο-

122 470 180 487 hemie.
194 470 254 487 Timuit
263 474 303 491 ergo
313 471 376 492 patrem
385 470 401 486 in
411 470 465 487 multis
475 474 508 491 que
517 469 589 492 seoerat‚
598 471 616 487 et
624 470 690 487 sciehat

122 499 160 512 eum
170 499 189 511 se
198 499 285 516 gravasse.
302 494 322 511 Et
331 494 369 511 ideo
378 494 438 511 institit
446 499 475 511 rex
484 494 561 511 omnibus
570 494 624 512 modis
633 494 689 517 quali-

122 520 147 536 ter
155 519 249 541 imperatori
258 519 301 536 viam
308 518 413 540 ingrediendi
421 519 529 536 Theutouiam
536 519 646 541 preeluderet.
655 519 689 537 As-

122 544 192 566 sumptis
206 544 241 560 suis
254 543 352 561 consiliariis
364 545 382 561 et
393 548 451 561 eorum
460 548 510 566 super
521 543 554 561 hou
566 548 607 561 usus
616 544 689 561 consilio

122 568 205 591 poscebat
214 568 282 586 obsides
291 573 301 585 a
310 568 346 585 suis
355 568 459 590 civitatibus,
469 570 487 585 ut
495 573 525 590 per
529 568 562 586 hoe
569 568 602 586 sihi
609 569 690 586 resistere

122 594 139 611 et
147 593 189 616 patri
198 593 278 610 adherere
290 597 323 610 11011
332 594 408 615 possent.
420 592 458 610 Dali
465 595 503 611 sunt
509 593 524 610 ei
528 593 585 615 itaque
592 593 689 611 obsidesah

122 618 205 640 aliquibus
214 618 312 635 civitatibus.

159 643 205 660 Misit
213 643 265 660 eciam
274 647 304 665 pro
314 642 378 659 civibus
387 642 550 665 wormaciensibus,
558 644 575 660 et
582 643 641 660 institit
650 647 688 661 cum

122 668 200 685 omnibus
212 667 276 690 modis,
288 669 306 684 ut
314 667 345 684 sibi
356 667 413 684 denuo
425 668 498 684 iurarent
506 669 522 685 et
534 672 573 685 eum
584 668 663 685 iuvarent
673 669 689 685 et

122 693 171 709 etiam
180 694 255 709 astarent
261 694 318 709 contra
326 692 415 714 quemlibet
422 692 504 709 homiuem
512 692 600 710 viventem.
608 692 635 710 Ad
641 692 688 715 quod

122 717 168 734 cives
178 717 275 734 unanimiter
284 716 415 739 responderunt,
424 717 523 739 profitentes
533 721 552 734 se
559 717 591 739 ipsi
599 717 614 735 ei
622 718 688 735 iurasse

122 742 166 758 sicut
173 745 205 758 suo
214 742 249 763 regi
257 743 273 758 et
281 741 357 763 domino,
367 743 384 758 et
394 741 439 763 quod
448 742 494 759 1111110
502 741 552 759 modo
562 742 593 759 sihi
603 742 649 759 aliud
661 743 687 759 iu-

122 767 213 783 ramentum
223 766 285 790 vellent
296 770 351 788 neque
365 766 445 783 deberent
458 766 521 788 fucere,
530 767 563 783 nisi
571 767 688 789 prenominato
710 768 712 770 '

122 791 139 808 in
148 790 180 808 hoo
189 792 235 812 patre
246 795 278 808 suo
288 790 355 808 domino
364 791 471 813 imperatore,
481 795 531 813 quem
540 795 646 813 nequaquam
657 796 687 808 ex-

122 815 210 833 cluderent
219 816 256 838 ipso
264 816 335 832 vivente.
348 815 375 833 Ad
385 815 430 837 quod
441 820 471 833 rex
480 815 575 838 respondit,
586 816 631 838 quod
639 820 687 834 men-

122 841 184 857 tionem
194 840 255 857 domini
264 842 281 857 et
289 840 340 862 patris
350 841 376 857 sui
384 840 400 857 in
407 840 440 858 hoo
447 841 538 858 iuramento
546 845 579 858 11011
589 840 688 858 admitteret.

122 865 172 882 Cives
185 869 226 882 vero
238 867 315 887 respectu
327 865 393 882 iusticie
402 866 418 882 et
427 865 479 882 eciam
488 865 584 882 dilectionis
594 870 643 887 quam
654 865 687 883 111-

122 889 185 907 bebant
192 889 213 907 ad
224 889 307 907 dominum
316 890 432 912 imperatorem
440 890 494 912 ipsum
502 889 592 907 excludere
602 890 686 907 uolebant.

159 914 221 932 Postea
233 915 288 932 statim
300 915 346 932 veuit
359 914 436 932 domiuus
450 919 478 932 rex
491 914 536 937 apud
547 914 659 932 Wormaciam
671 917 688 932 et

122 939 180 956 iterum
189 939 316 961 diligentissime
325 937 426 956 commonuit
435 940 482 956 cives
490 940 546 957 multis
555 939 604 957 honis
612 940 687 962 promis—

122 963 207 986 sionibus,
216 965 234 981 et
242 964 295 981 eciam
303 963 392 981 includens
402 964 426 981 eis
437 965 490 981 minas
500 966 517 981 et
526 965 602 982 terrores.
616 964 650 981 Sed
660 966 685 982 ta-

122 993 160 1005 men
176 988 198 1005 ab
215 993 271 1006 eorum
287 989 374 1011 proposito
390 992 420 1006 eos
437 989 502 1006 minime
515 993 600 1006 removere
615 989 687 1006 valebat

122 1013 172 1030 Erant
184 1013 237 1030 eciam
250 1014 295 1031 cives
309 1013 397 1036 Spireuses
410 1018 447 1031 eum
460 1013 614 1031 wormaciensibus
625 1014 642 1031 iu
655 1014 688 1031 hoc

122 1037 191 1055 articulo
202 1037 302 1060 aliquamdiu
315 1040 385 1056 stantes.
409 1038 443 1055 Sed
456 1039 473 1055 111
486 1038 532 1055 brevi
548 1043 578 1060 per
590 1038 687 1060 episcopum

122 1067 178 1079 eorum
192 1062 275 1079 dominum
289 1062 383 1080 Conradum
398 1062 459 1080 dictum
476 1063 497 1080 de
512 1063 559 1080 Thau
575 1063 641 1080 tandem
657 1067 688 1080 sa-
