738 1221
104 48 141 67 ΜΟ
298 56 316 67 u
327 55 393 67 ,ιυκιικιιι
404 55 424 66 οι
434 55 476 67 nn.

104 92 161 108 vestre
170 92 228 108 tenore
237 91 339 113 presentium
348 89 458 112 declaramus,
467 89 513 112 qnod
521 89 571 107 nobis
580 88 626 112 apud
635 89 673 107 Ma-

104 116 179 138 guntiam
189 115 300 133 existentibus
309 115 336 132 dle
345 114 456 132 decimonono
465 114 529 132 mensis
538 114 578 131 iunii
587 114 609 132 ad
618 118 673 136 gene-

105 140 139 158 rale
153 140 260 162 colloquium,
269 140 353 157 mediante
362 139 414 157 nobili
425 139 461 156 viro
470 139 540 156 Alherto
549 139 571 156 de
580 139 673 156 WaldeeKe

105 165 194 187 imperialis
203 165 241 182 aule
250 165 338 182 iustitiario
350 164 396 181 iii-rna
406 169 440 186 pax
449 165 466 181 et
475 165 534 185 treuge
543 164 613 181 stabiles
623 168 675 186 snper

104 190 188 207 universis
197 190 262 211 guerris
271 191 289 206 et
297 189 386 206 discordiis
396 190 435 206 sunt
444 190 511 206 statuto.
522 188 628 211 Quapropier
637 193 675 205 ma—

105 215 182 232 iestatem
194 216 266 231 vestram
278 214 340 236 regiain
352 214 435 231 humiliter
446 218 535 231 exoramus
545 215 562 230 et
570 213 676 230 consulimus

105 241 186 262 qnantum
197 239 246 260 lieet,
259 240 342 261 quatenus
355 243 415 261 paoem
427 240 470 256 terre
483 238 570 256 salubriter
578 238 676 255 inchoatum

105 269 136 287 per
148 264 205 281 literus
217 264 349 286 magnipotentie
362 265 419 281 vestre
429 263 461 280 iam
470 263 562 285 dignemini
570 262 676 285 confirmare,

106 293 128 306 eo
141 288 186 311 quod
197 290 272 306 vestrum
283 288 388 306 commodum
401 288 488 305 utilitatem
501 288 572 305 salutem
584 288 677 310 importare

106 313 199 331 dinoscitur
210 315 228 330 et
236 313 325 335 honurem3
334 314 408 331 scientes
417 313 463 335 quod
471 314 528 330 vestre
538 313 635 330 serenitatis
644 312 677 330 ad-

106 340 174 356 ventum
183 338 233 355 nobis
242 338 325 355 salubrem
334 338 356 355 ad
364 339 420 360 partes
429 339 497 355 nostras
506 342 543 355 eum
553 338 617 359 ingenti
626 337 677 354 desi-

107 363 153 380 derio
162 363 275 385 prestolamur.
285 363 344 380 Datum
354 362 399 385 apud
406 362 516 385 Magantiarn,
525 362 582 379 ultima
590 362 618 379 die
627 365 678 380 men-

107 388 132 405 sis
141 388 181 405 iunii
191 387 265 410 [1255]

144 412 179 430 Rex
186 417 227 434 ergo
235 412 267 429 hae
275 412 347 435 epistola
351 412 454 434 gratulanter
458 413 533 434 accepte,
538 416 597 434 pacem
604 411 679 429 inchoa-

107 439 141 454 tam
153 437 184 454 sub
196 437 253 454 banno
265 437 341 459 capitalis
353 437 437 454 sententie
447 437 513 454 firmiter
521 436 605 454 observari
614 441 678 458 preee-

107 462 139 484 pit;
153 462 226 484 quinimo
239 462 330 484 prelibatus
343 462 472 484 ambasiatores,
484 461 547 479 ditatos
555 461 608 483 regiis
617 466 679 478 mune-

108 487 165 509 ribus,
174 486 195 504 ud
204 487 273 508 patriam
282 486 374 504 honorilice
383 486 477 504 destinavit.

145 511 212 528 Eisdem
225 511 285 529 diebus
299 511 376 528 dominus
391 511 483 533 episcopus
495 515 532 528 oum
545 511 619 528 ecelesia
634 510 679 528 Tra-

108 536 180 553 iecteusi
189 536 264 558 glorioso
274 536 310 558 regi
319 537 423 558 conquestus
432 537 466 558 est,
476 535 522 558 quod
532 535 576 553 idem
585 535 679 558 episeopus

109 565 119 577 a
127 561 187 578 comite
196 560 217 578 dc
226 561 281 578 Ghore
294 562 326 578 tarn
338 561 355 578 in
364 560 504 583 possessionibus
516 565 565 582 quam
577 560 594 577 iu
602 560 680 577 humini-

109 585 140 602 bus
152 586 239 603 iniuriatus
251 587 286 608 est,
299 587 400 608 quapropter
411 586 473 607 etipse
482 590 511 602 rex
520 584 591 602 eundem
600 585 679 602 comitem

109 610 157 627 citari
166 610 206 628 feeit
214 610 235 627 ad
244 611 297 633 ipsius
306 611 412 632 presentiam.
422 610 456 627 Sed
465 612 482 627 et
490 609 535 627 idern
544 614 601 627 comes
609 614 680 632 nequa-

100 640 158 657 ,quam
168 639 264 657 comparere
274 635 343 658 volens,
353 635 448 652 absentavit
456 639 475 652 se
484 639 514 657 per
523 635 625 652 obstinatam
634 639 680 652 eon-

110 660 203 677 tumaciam.
215 659 251 677 Rex
264 662 318 677 autern
327 664 383 677 eoram
392 659 439 677 altari
448 660 503 677 saneti
511 659 578 676 Martini
586 659 680 676 consesso-

111 685 134 701 ris
143 689 187 701 arma
196 682 360 706 protinusinduens,
369 684 484 702 indesinenter
493 684 576 706 equitans,
585 683 681 706 predictum

111 709 189 726 comitem
198 709 276 731 capiens,
290 711 307 726 et
315 711 373 726 terram
383 710 419 726 eius
428 709 543 732 depopulans,
552 713 589 726 eum
598 709 680 726 victoriali

110 734 160 751 laude
170 734 263 751 Traiectum
273 734 347 756 revenit,
357 734 440 756 captivum
450 734 527 751 comitem
535 734 616 756 episeopo
626 733 680 756 dedit,

110 762 131 775 ne
140 758 211 775 eundem
219 758 255 775 iure
264 758 320 775 debito
330 758 411 780 dignitate
420 759 446 776 sni
455 758 526 775 nominis
536 758 633 780 deprivavir„

147 783 197 800 Anno
210 782 272 800 domini
285 783 375 800 m.oe.xl.ix.
388 783 488 800 venerabilis
497 784 543 805 pater
552 782 629 800 domiuus
638 782 680 800 Otto

111 808 225 826 Traieetensis
234 807 325 830 episeopus
332 808 353 825 iii.
361 812 441 825 nonarum
448 808 504 830 aprilis
512 807 612 825 ohdormivit
619 807 637 824 in
642 807 681 825 Do-

110 833 165 855 mino,
178 832 268 850 tumulatus
282 832 326 855 apud
338 833 426 850 eeclesiam
436 833 514 849 maiorem
523 832 587 850 honore
596 836 679 854 congruo.

110 857 142 874 Hie
151 856 190 874 Otto
199 857 274 874 sedecim
283 858 331 874 aunis
341 857 410 879 egregie
419 857 462 874 rexit
470 857 593 880 episcopatum,
603 861 653 879 quem
661 858 680 874 iu

110 882 178 899 introitu
191 886 223 899 sun
236 882 357 904 pauperrimum
367 882 439 904 invenit,
448 882 479 899 sed
488 881 653 904 superabundantem
661 882 679 899 in

111 906 167 924 multis
177 906 247 929 divitiis,
257 907 292 924 suis
302 907 374 929 posteris
383 907 453 929 reliquit.

148 932 189 949 Post
200 931 262 949 obitum
275 932 361 949 reverendi
375 932 427 954 patris
440 931 517 954 ononis,
530 931 614 949 Gosvinns
624 931 678 949 sancti

110 956 193 973 Julrannis
197 957 214 973 in
217 956 294 974 'l'raieeto
298 957 394 979 prepositus
398 957 492 974 tricesimus
497 956 578 979 septimus
583 956 648 973 electus
652 957 679 973 est

111 981 207 1003 episeopus.
220 981 251 998 Hie
260 981 344 999 Gosvluus
353 981 374 998 ab
383 981 447 998 Amstel
456 981 537 998 oriundus
546 981 605 998 saltem
614 980 636 998 ad
646 985 678 998 an-

111 1010 151 1023 num
159 1006 186 1023 vel
194 1006 245 1028 paulo
254 1005 292 1028 plns
298 1010 359 1028 regens
366 1006 486 1028 episcopatum,
496 1006 521 1023 vir
529 1007 565 1023 erat
578 1005 678 1028 simplieitati

111 1030 188 1053 deditus,
201 1031 218 1047 et
228 1030 250 1048 de
262 1030 312 1048 rebus
326 1031 397 1048 ecclesie
410 1031 464 1048 minus
476 1030 520 1048 hene
529 1030 615 1048 sollicitus.
628 1030 677 1051 Qua-

111 1057 179 1078 propter
187 1056 232 1072 totus
241 1055 350 1078 episcopatus
358 1056 375 1073 in
384 1055 430 1073 brevi
439 1057 513 1078 ternpore
527 1055 625 1072 tantundem
633 1059 677 1078 pene
