738 1221
132 61 167 78 316
295 67 364 79 cusam
375 67 410 79 rna
420 67 432 79 a
443 67 536 79 norun-n.

131 102 219 120 commoda
227 101 327 124 spoliatores
335 102 359 119 illi
367 102 477 124 neglexerint.
490 101 521 119 Per
533 106 566 123 que
579 103 634 119 tamen
646 101 695 119 hodie

101 137 103 139 ν
131 127 177 144 11111111
190 127 266 144 sanitatis
279 126 361 144 beneficia
379 127 508 149 consequuntur.
533 126 614 143 Cellarius
627 130 668 143 vero
681 128 697 143 et

131 152 178 169 miles
192 153 242 174 atque
255 151 399 173 eleemosynarius
411 156 472 173 corpas
485 151 564 168 tollentes
577 153 594 168 et
606 151 696 168 linteamini

131 177 237 194 involventes
250 176 326 194 vehiculo
339 176 457 198 imposuerunt„
483 175 557 198 Cumque
572 176 645 193 Swelme
658 175 697 193 illud

130 201 250 224 perduxissent
263 202 279 218 et
288 201 304 217 in
314 201 387 218 ecclesia
396 205 459 223 ponere
472 200 597 223 decrew'ssent,
615 205 650 218 non
659 205 696 222 per-

131 226 175 243 misit
188 225 278 248 sacerdos,
292 226 448 243 contaminationem
461 225 529 242 basilice
542 226 644 248 pretexens,
660 229 695 242 cum

131 251 187 273 potius
196 251 279 272 sanguine
288 251 364 272 martyris
377 250 487 267 dedicaretur.
509 250 543 267 Sed
556 252 624 272 propter
636 250 669 267 boo
681 251 696 267 et

131 275 163 292 alia
176 275 248 297 quedam
261 275 321 297 quibus
335 276 410 297 martyris
424 275 477 297 gratia
491 279 510 292 se
523 274 608 296 indiguum
621 274 696 297 reddidit,

130 305 185 322 usque
194 300 244 317 hodie
253 300 294 317 satis
303 300 375 322 graviter
385 300 402 317 in
412 304 443 317 suo
452 304 522 322 corpore
532 299 611 317 divinitus
621 299 696 321 flagella-

131 326 161 342 tur.
174 324 253 342 Attamen
264 325 330 347 positus
344 325 395 342 estin
404 324 463 342 eadem
472 324 522 342 domo
531 325 548 341 in
557 329 590 347 qua
599 326 696 347 pernoctare

131 351 148 367 et
157 349 245 367 comedere
253 351 365 371 proposuerat
377 349 458 367 sacerdos
470 349 498 366 dei
507 350 565 372 vivus,
579 349 648 371 dueque
658 354 696 366 can-

130 374 168 392 dele
177 374 278 391 dedicationi
287 376 374 396 preparate
383 374 416 391 illic
425 374 507 391 collocate
517 375 565 396 sunt,
574 379 608 391 una
617 374 640 391 ad
649 375 696 396 caput

130 399 182 416 altera
191 399 213 416 ad
221 399 280 422 pedes.
294 398 334 416 Cum
343 400 398 416 autem
411 399 454 416 inter
466 403 485 416 se
499 399 566 420 vigilias
578 399 634 416 noctis
644 399 695 421 partiti

131 425 198 446 essent,
211 426 228 441 et
241 424 318 441 cellarius
327 428 381 446 usque
390 423 412 441 ad
421 423 491 441 mediam
501 425 567 441 noctem
576 424 643 446 corpori
653 423 696 440 assi-

130 448 186 471 deret,
199 453 292 471 precesque
304 448 378 465 horarias
392 448 440 466 beate
456 448 483 466 dei
501 448 585 470 genitricis
598 450 615 465 et
628 448 695 470 virginis

129 473 182 490 Marie
191 473 282 495 lectitaret,
295 473 338 490 sicut
346 473 431 495 hodieque
440 473 487 490 testis
496 474 532 496 est,
541 477 626 495 nunquam
636 472 696 495 aliquid

130 497 202 515 horroris
212 502 233 515 ex
240 499 319 515 contactu
328 498 377 520 illius,
384 500 402 515 ut
410 497 431 515 de
440 498 550 515 cadaveribus
559 498 655 515 occisorum
662 497 694 514 fieri

130 522 200 545 assolet,
208 527 271 545 passus
280 523 311 539 est.
320 522 368 540 Haud
377 522 449 545 dubium,
458 523 498 545 quin
508 527 529 540 ex
536 523 621 545 presentia
628 523 695 540 sancto-

129 551 165 564 rum
174 547 271 569 angelorum
281 548 334 569 gratia
343 547 374 564 lieo
384 548 463 570 extiterit,
473 547 500 569 qui
509 547 554 569 apud
563 551 625 569 corpus
635 549 694 569 marty-

130 572 152 589 ris
161 572 233 589 celestes
241 572 320 589 excubias
329 572 441 589 celebrabant.
451 572 512 589 Fuerat
521 573 575 589 autern
584 572 599 589 is
608 571 693 589 Heinricus

131 596 209 614 cellarius
218 598 257 614 ante
265 597 394 614 conversionem
403 597 460 619 miles,
473 598 490 614 et
499 598 544 614 tanto
553 596 626 614 tortasse
635 596 658 614 ad
666 596 695 613 1111-

131 621 204 639 iusmodi
213 626 256 644 opus
265 621 358 644 expeditior
367 624 383 639 et
391 622 471 639 audacior
479 623 542 644 quanto
551 622 641 639 assuetior.

168 647 223 668 Capul
230 648 310 663 octavum.
323 646 374 664 Mane
387 647 462 669 martyris
470 651 530 669 corpus
540 647 594 663 currui
603 646 695 668 impositum

132 672 162 688 est.
183 671 258 693 Cumque
270 671 310 689 illud
326 671 428 688 deducerent
440 671 496 693 plures
508 676 529 688 ex
543 671 604 688 familia
617 671 695 693 episcopi,

131 696 160 718 qui
172 696 229 713 timore
243 696 300 713 mortis
315 695 387 717 dispersi
401 696 474 718 ruerant,
490 696 611 713 deducentibus
624 695 695 713 adiuncti

131 722 174 737 sunt.
190 720 300 737 Venientibus
313 722 369 738 autem
382 720 403 738 aa
415 725 476 738 nomm
491 722 563 738 castrum
579 720 624 743 quod
638 720 694 738 beatus

131 745 223 767 episcopus
232 745 268 762 suis
277 745 357 767 expensis
366 745 478 768 edificaverat,
487 750 524 763 curn
533 746 593 762 intrare
602 745 670 768 vellent,
678 745 694 761 ut

130 769 164 786 illio
173 774 234 792 corpus
243 770 318 787 lavarent
331 771 348 787 et
356 772 485 792 componerent,
499 772 570 792 negatus
580 772 606 787 est
614 770 694 791 introitus,

131 794 190 812 timore
199 796 217 811 ut
225 795 285 812 estimo
295 794 367 812 Heinrici
375 799 421 812 nunc
429 795 494 812 comitis
501 795 522 812 de
532 794 595 812 Monte.
608 794 643 812 Sed
652 794 694 812 111111-

131 819 203 841 dulplius
211 820 256 841 prior
265 819 359 837 Montensis
367 820 433 837 cenobii
445 821 484 836 ante
497 821 569 836 castrum
581 819 613 836 illis
627 819 692 840 occurit,

131 848 185 866 eoque
194 843 237 861 duce
246 844 267 861 ad
276 845 393 861 monasterium
401 844 496 862 festinatum
506 845 536 861 est.
552 844 626 866 Cumque
635 848 694 866 appru-

130 869 230 891 pinquarent
239 869 350 892 munasterio,
363 869 421 886 tratres
434 874 471 886 eum
483 873 532 886 cruce
545 870 562 886 et
575 869 626 886 thuris
640 868 693 886 suffitu

130 894 155 911 eis
165 893 230 910 obviam
239 895 361 915 processerunt.
369 893 443 916 Corpore
452 898 500 911 sacro
509 894 526 910 in
534 893 610 910 feretrum
620 893 641 910 de
649 897 692 910 curru

130 918 213 941 deposito,
223 918 289 940 quidam
299 923 308 935 e
317 919 412 936 senioribus
420 919 507 936 Heinrlcus
515 919 587 941 nomine,
597 923 640 935 nunc
650 919 692 935 eius-

130 942 167 960 dem
177 943 272 960 monasterii
281 943 333 965 prior,
343 943 432 961 linteamen
441 943 462 961 de
472 944 526 965 capite
536 944 612 965 martyris
622 943 692 964 removit,

130 967 192 984 vultum
207 968 243 985 eius
257 969 342 985 cruentum
359 970 376 985 et
388 968 489 985 confractum
504 968 581 985 fratribus
598 967 691 985 ostendens.

129 992 167 1012 Quo
176 993 212 1009 viso
222 992 319 1015 lachrymati
328 994 368 1010 sunt
375 993 434 1015 valde,
450 995 483 1010 tam
492 992 549 1010 dilecti
558 993 609 1015 patris
618 994 669 1010 morte
677 992 692 1009 et

130 1017 158 1034 tali
171 1018 222 1034 morte
234 1017 320 1039 plurimum
333 1018 438 1035 consternati.
460 1017 558 1040 Specialiter
571 1017 614 1035 euim
626 1017 654 1034 ille
666 1016 690 1034 di-

128 1042 193 1059 lexerat
201 1041 291 1059 Montense
299 1042 397 1065 cenobium,
410 1044 468 1065 utpote
480 1042 502 1059 ab
511 1043 547 1059 eius
556 1042 623 1064 proavis
633 1041 690 1059 funda-

128 1068 168 1084 tum.
185 1066 274 1084 Heiurlcus
285 1070 326 1084 vero
337 1071 375 1084 oum
388 1067 410 1084 ab
423 1067 474 1084 cruris
486 1067 599 1084 infirmatatem
608 1071 642 1084 uno
651 1065 690 1089 pede
