738 1221
237 45 321 68 *canonicor
333 56 453 68 οετειιιιυνιεκει
596 49 630 66 567

63 91 155 112 quingente
168 91 217 112 galee
230 92 246 107 et
255 91 352 108 rusticorum
361 90 463 112 pedestrium
471 91 516 108 milia
524 90 554 107 lx'-
569 91 630 108 Consi·
640 95 673 108 tato

64 115 143 132 dei-autes
152 115 208 137 itaque
217 115 283 132 Bawari
292 115 337 137 quod
347 115 432 132 exercitus>
439 115 571 132 adversariorum
580 120 631 138 prop-

64 141 88 156 ter
97 139 180 157 defectum
193 140 288 157 victualium
301 141 318 156 et
330 140 398 157 nimium
408 141 462 157 esrum
471 141 488 156 et
496 144 576 161 equorum
585 141 631 157 iute-

63 165 111 181 ritum
120 164 188 181 cottidie
198 164 325 187 diminueretur,
334 165 406 182 consilio
414 165 455 181 inito
464 164 550 181 audaciam
559 166 631 188 sumunt,

63 190 180 211 presumentes
190 189 211 206 de
220 189 247 206 dei
260 189 317 211 gracia
326 190 343 206 et
352 189 430 206 oracione
440 189 555 211 religiosorum
565 190 631 211 cogita-

63 213 104 230 bant
116 214 197 235 congredi
210 218 247 231 curn
259 214 291 231 illis
304 214 320 231 in
330 214 374 231 hello
384 214 476 236 campestri.
489 213 579 231 Habebam
588 215 631 232 enim

63 242 120 255 secum
134 238 232 255 sacerdotes
246 238 332 256 seculares
344 240 361 255 et
370 238 459 260 reliffl'osns
469 238 572 255 diversorum
584 239 631 256 crdi-

63 265 112 285 nm,
122 263 150 284 qui
163 263 205 285 ipsis
214 263 270 280 divina
278 264 327 285 prout
336 263 392 280 decuit
401 263 501 280 christianos
510 263 597 280 faciebant
610 264 631 281 Et

63 287 102 309 quia
111 288 191 304 transitus
200 288 241 304 ultra
253 288 306 305 Enum
315 287 373 304 haberi
385 292 419 304 non
428 288 482 309 potuit
491 287 512 304 ad
521 289 631 309 congressio-

62 316 109 334 nem,
122 312 143 329 de
157 312 228 329 consilio
240 312 302 329 nobilis
314 312 345 329 viri
357 312 428 329 Haruibi
439 311 460 329 de
469 312 555 334 Puchperc
563 315 631 334 pontem

62 336 143 354 fabricare
153 338 238 359 ceperunt,
252 337 270 354 ln
283 337 330 354 ouius
343 336 454 359 perfectione,
464 341 500 353 cum
510 336 531 353 de
540 341 588 354 manc
596 338 631 354 Ba-

63 361 103 378 wari
115 362 185 378 transire
198 362 300 383 cogitarent,
314 361 346 383 ipsi
359 361 450 378 adversarii
464 361 567 379 multitudiue
578 362 630 379 rusti-

63 390 120 403 corum
132 386 190 408 territi,
200 386 244 403 circa
254 386 324 403 mediam
332 387 397 403 noctem
408 386 459 403 suevi
469 390 506 403 cum
518 385 629 409 Australibus,

61 410 95 427 dux
111 415 149 427 curn
162 411 298 433 archiepiscopo,
311 415 330 428 se
345 410 367 427 ad
380 410 436 432 sugam
450 412 586 432 preparaverunt*
605 411 630 428 Ita

61 434 107 457 quod
124 435 169 453 circa
184 437 237 452 ortum
253 435 293 452 solis
309 436 360 452 tercio
373 440 428 453 nouas
440 435 536 452 novembris
549 434 595 458 [nov.
609 435 629 458 3]

61 464 120 477 omnes
132 459 188 481 sugam
201 460 281 482 inierunt,
296 461 313 477 et
325 460 410 477 machinas
423 464 443 477 ae
456 460 527 477 tentoria
538 460 578 481 igue
587 465 630 478 suc-

61 484 164 507 cenderunt,
176 484 290 507 relinquentes
299 486 338 506 post
347 489 376 507 se,
388 485 407 501 ut
416 484 493 501 omnibus
503 484 560 501 videre
568 485 629 502 voleu-

62 508 106 527 tibus
114 509 176 531 patuit,
185 513 257 530 magnos
267 513 321 531 equos
330 509 418 531 accipitres
427 509 486 531 galeas
496 509 551 526 vinum
561 513 629 527 mensas

61 538 98 550 cum
109 533 151 551 cibis
163 535 259 556 preparatas
273 535 331 551 vestes
344 538 381 551 cum
394 533 457 556 brem,
471 538 504 555 que
519 534 574 551 omnia
589 535 629 556 igne

61 560 160 580 consumpta
176 558 250 581 suerunt,
264 559 338 580 exceptis
353 558 385 575 hiis
398 563 431 580 que
449 563 479 580 per
493 559 583 580 garciones
598 563 629 581 pro

61 582 128 600 modico
140 583 209 600 vendita
218 584 262 601 sunt*
278 583 303 600 Ex
314 583 374 605 quihus
388 584 423 600 erat
438 583 526 600 tentorium
536 583 629 606 archiepis-

60 607 131 630 copo-le,
144 607 189 630 quod
199 607 285 625 dicebatur
296 609 374 625 constare
386 607 446 629 viginti
455 612 529 630 mercem,
541 607 586 630 quod
599 613 629 630 pro

61 633 133 654 quatuor
143 632 189 649 libris
204 632 330 654 pataviensibus
344 632 429 649 venditum
441 633 471 649 esti
487 632 512 649 De
524 632 584 654 quibus
598 637 629 649 ex-

61 658 106 674 stant
117 657 160 674 tales
169 661 237 674 versus:

109 681 186 699 Actenus
195 681 269 699 audaces
279 681 330 699 Suevi
338 686 383 698 nune
392 683 431 698 sunt
439 681 529 703 fugientes,

110 706 169 723 Verbis
178 710 259 728 procaces
268 706 299 723 sed
308 706 356 723 sactis
365 706 388 723 nil
397 705 483 723 iacientes.

109 730 209 748 Constructo
218 732 269 753 ponte
279 730 372 752 Scharding
381 735 419 748 mox
428 730 477 747 devia
486 732 562 753 querunt,

108 755 147 772 Non
156 756 172 772 vi
181 755 212 772 sed
222 757 291 777 sponte,
301 755 338 772 sine
348 755 402 772 bracis
411 755 440 772 vix
449 755 529 772 abierunt⁴

108 780 205 797 Bawaricus
214 780 264 797 nutus
273 784 324 801 super
332 780 385 797 Enum
395 780 515 801 transagitatus

109 804 175 822 Terruit
183 804 279 827 Australes,
293 804 368 826 leporum
378 804 458 826 fugiendo
468 804 541 821 sodales.

108 828 190 847 Australis
200 829 247 846 turbe
257 829 278 846 de
288 828 382 850 schardiug
389 833 449 846 cancer
458 828 479 846 ab
487 828 528 846 urbe

110 853 153 871 Octo
163 856 209 871 tenet
218 854 271 876 furca,
280 854 320 875 quia
329 866 385 871 .....
393 855 412 870 ut
420 857 491 875 anerca,

110 878 130 895 Et
139 879 166 896 bis
175 883 206 896 sex
212 883 245 895 ano
254 879 364 901 conplectitur
373 878 400 895 ille
408 878 479 900 profano

110 902 143 920 Ore
152 904 227 925 rapitque
236 907 297 920 novem
306 907 337 920 ceu
345 903 395 925 lupus
405 907 443 920 acer
452 907 505 920 ovem.

96 927 177 945 Mecaxi.
193 928 274 945 Dominus
288 927 327 945 Otto
340 932 369 945 rex
382 927 455 949 Ungarie
470 928 487 945 et
499 927 533 944 dux
545 927 627 950 Bawarie,

59 954 125 970 mortuo
137 952 205 970 domino
218 952 303 975 Stephano
317 952 369 974 duee,
379 952 490 969 mediantibus
499 951 627 974 archiepiscopo

58 981 96 994 curn
105 978 191 999 episcopis
200 979 217 994 et
226 977 325 999 quibusdam
334 976 417 994 nobilibus
426 977 511 998 utriusque
518 977 627 999 principatus,

57 1002 142 1020 consentit
154 1002 170 1019 in
184 1001 228 1019 diem
240 1001 319 1024 colloquii
334 1006 385 1024 super
397 1001 449 1019 serina
464 1001 594 1023 composicionis
609 1001 627 1018 in

58 1027 173 1044 controversia
185 1027 238 1049 ipsius
252 1028 269 1044 et
279 1026 330 1044 'ducis
345 1026 421 1048 Austrie,
434 1026 530 1048 specialiter
540 1028 596 1043 tarnen
605 1025 626 1043 ad

73 1054 90 1070 ι)
98 1053 123 1067 ix?
