738 1221
125 66 161 84 2⁷4
295 73 363 85 emam
374 73 406 85 cn.
416 73 450 85 Ακι.
462 73 508 85 cum

161 108 205 126 xxxi,
214 108 312 130 l‘ilegrinus.
321 107 352 125 Hic
357 108 475 125 monasterium
479 108 550 125 Colonie
554 108 600 130 quod
605 108 665 126 dieitur
671 108 693 126 ad

123 135 192 151 sanctos
201 132 294 155 Apostolos
306 133 400 150 construxit
412 134 429 150 et
444 132 559 150 sufficientiam
573 134 692 151 canonicorum

123 158 157 175 illic
170 158 254 175 adunavit
274 157 336 175 Floruit
348 158 380 175 sub
390 157 467 175 Conrado
480 157 562 175 secundo.
581 158 629 176 Sedit
641 158 691 175 annis

124 183 223 205 quindecim.
237 182 317 204 Sepultus
326 184 354 200 est
360 182 382 200 ad
391 184 461 200 sanctos
469 181 563 205 Apostolos
570 181 581 200 ¹.

160 208 210 224 xxxii.
219 207 324 224 Hermannus
329 220 334 229 ‚
347 212 396 229 quem
405 207 478 225 nobilem
487 209 559 230 vocant,
573 208 604 225 sub
613 207 692 225 l-leinrioo

124 233 177 250 tertio.
191 232 238 250 Sedit
247 232 296 249 annis
305 232 368 254 viginti.
386 232 465 254 Sepultus
473 234 501 249 est
509 232 530 249 nd
538 235 615 250 sanctum
621 233 692 250 Petrum.

160 257 216 274 xxxiii.
226 256 298 274 Sanctus
307 256 365 279 Anno,
378 257 410 274 ilos
421 259 438 274 et
447 261 491 274 nova
500 257 529 274 lux
538 258 588 274 totius
598 257 692 280 Germanis,

124 282 153 304 qui
162 283 232 299 cunctos
242 283 359 299 antecessores
369 286 410 299 suos
423 282 439 299 in
453 282 589 303 augmentatione
598 282 692 299 Colonien-

124 307 148 324 sis
157 307 229 324 ecclesie
237 307 325 329 precessit
341 306 385 324 Ante
399 308 495 329 susceptum
505 307 620 341 episcopatum
629 311 692 330 prepo-

124 332 166 349 situs
176 333 211 349 erat
219 332 236 348 in
241 331 322 348 Goslaria.
330 331 348 348 ln
358 332 391 348 vita
400 336 432 349 sua
440 331 480 349 fecit
488 333 563 349 monstra
573 345 578 354 ,
587 332 629 349 etin
639 333 692 349 morte

124 361 155 374 sua
164 358 243 379 operatus
253 358 280 373 est
287 356 367 373 mirabilia
371 362 376 378 3
388 356 433 374 unde
446 358 462 374 et
473 357 490 373 in
501 357 545 374 omni
554 361 583 374 ore
592 357 641 379 quasi
649 357 692 374 mel-

123 381 234 399 indulcabitur
249 381 286 398 cius
298 381 382 398 memoria.
401 381 457 399 l’reter
468 381 553 399 innumera
565 381 647 399 heuetieia
659 386 692 403 que

124 406 210 428 episcopio
219 406 298 428 contulit,
311 407 367 428 preter
378 406 434 428 plures
447 406 529 423 ecclesias
539 410 581 428 quas
594 406 611 423 in
620 406 692 424 diversis

123 431 166 448 locis
175 431 273 453 construxit,
282 432 337 453 preter
345 431 378 448 hoo
386 430 431 453 quod
440 431 502 448 nullam
508 431 525 448 in
530 431 601 453 dyocesi
609 435 641 448 sua
649 435 693 448 con-

123 456 239 477 gregationem
248 455 310 473 dimisit
321 460 371 477 quam
383 456 419 473 suis
431 460 465 473 non
474 456 561 478 ampliaret
570 456 628 478 donis,
642 456 693 473 etiam

124 481 198 503 quinque
211 480 347 502 opulentissimas
359 481 502 502 congregationes
515 481 590 498 instituit.
606 480 692 498 Altodimn

123 505 163 522 illud
176 505 300 522 celeberrimum
310 505 356 527 quod
364 505 439 522 Selevelt
451 505 511 523 dicitur
526 506 611 528 episcopio
625 505 693 523 adiecit.

124 529 258 552 Super-sedemus
272 529 293 547 de
302 534 323 547 eo
333 530 400 552 singula
408 530 473 552 dicere,
486 531 564 552 quoniam
576 531 608 548 etsi
622 535 654 548 nos
663 532 693 547 ta—

124 555 206 572 cuerimus
223 554 289 577 lapides
302 555 402 572 clamabunt.
423 555 486 572 Flornit
504 555 604 577 temporibus
616 555 693 573 Heinrici

124 579 177 601 quarti
191 579 262 601 augusti.
279 579 326 596 Sedit
337 580 354 596 in
370 580 468 602 episcopatu
477 580 536 602 viginti
548 580 596 597 annis
609 581 627 597 et
634 580 693 597 semis.

124 604 203 627 Sepultus
215 606 242 621 est
256 604 273 621 in
283 604 355 622 cenobio
368 609 400 622 suo
410 604 501 628 Sigeberg,
514 605 543 622 uhi
551 605 642 622 innumeris
650 605 693 622 vivit

124 629 212 646 miraculis.

160 654 222 671 xxxiiii.
230 653 335 676 Hildolphus.
349 653 426 674 Quicum
438 654 547 677 cappellanus
558 654 628 677 predicti
637 655 692 677 impe-

123 679 183 696 ratoris
192 679 265 696 Heinrici
274 681 329 701 esset,
343 681 412 696 sanctus
421 678 471 696 Anno
484 680 499 696 ei
511 679 582 702 predixit
594 679 640 701 qnod
652 680 693 701 post

124 708 142 721 se
152 705 227 721 recturus
237 705 283 721 esset
295 704 385 721 ecclesiam
393 703 517 721 Coloniensem⁴
530 704 566 721 Fuit
575 704 606 721 sub
615 704 693 726 predicto

123 728 222 750 imperatore
231 728 308 745 Heinrioo
318 730 382 750 quarto.
395 728 443 746 Sedit
451 729 500 746 annis
509 729 538 746 vix
546 729 625 751 quinque.

160 757 210 770 xxxv.
219 753 315 774 sigewinus
329 753 405 770 decanus
419 754 472 771 sancti
484 754 536 776 Petri,
551 753 572 771 de
585 758 618 776 quo
630 753 693 771 beatus

123 777 172 795 Anno
182 778 231 795 simili
240 777 290 795 ruodo
299 778 399 795 vaticinatus
408 780 439 795 est.
447 778 477 796 VEt
487 779 525 801 ipse
534 779 566 796 suh
575 778 635 796 eodem
644 778 693 800 priu—

123 803 161 825 cipe
170 802 229 825 floruit,
239 802 316 825 seditque
325 803 374 820 annis
383 803 446 820 decem.

159 828 215 845 xxxvi.
227 827 331 845 Hermnnnus
345 832 394 849 quem
408 827 475 845 divitem
489 828 550 845 dicunt.
568 828 619 845 Cuius
632 828 693 850 ntique

123 852 180 869 divitie
192 852 290 874 prosuerunt
301 852 379 870 ecclesiis
391 852 456 870 Christi.
473 853 509 870 Fuit
521 853 553 870 sub
562 853 627 875 prefato
636 853 692 875 impe-

122 879 176 894 ratore
190 877 272 894 Heinrico.
290 877 337 894 Sedit
350 877 399 894 annis
410 877 468 895 decem
481 879 498 895 et
511 878 597 895 mensibus
611 877 693 900 quinque.

124 901 203 924 Sepultus
212 904 237 920 est
247 902 264 919 iu
273 902 353 925 capitolio
362 902 487 924 Sigehergeusi.

159 927 220 944 xxxvii.
233 927 326 944 Fridericus
339 927 393 949 magis
405 927 484 945 instantia
500 927 571 950 predicti
586 927 693 949 imperatoris

123 956 172 973 quam
184 952 256 974 priorum
270 952 352 969 electione
366 952 481 975 episcopatum
493 952 573 975 adeptus,
588 956 626 969 nam
635 956 693 974 nsque

122 976 144 993 ad
156 976 197 994 illud
211 978 276 999 tempus
289 977 398 999 imperatores
411 977 490 994 annulum
506 978 522 994 et
536 977 613 994 baculum
623 976 692 994 dabant.

121 1001 153 1018 Hic
162 1001 254 1019 Friderious
266 1002 291 1019 vir
299 1002 418 1024 pulcherrimus
428 1003 471 1025 erat,
484 1002 508 1019 vir
520 1006 581 1023 magne
590 1002 692 1024 constantie,

122 1025 165 1043 adeo
174 1028 193 1043 ut
201 1031 233 1044 nee
241 1027 337 1049 imperatori
346 1027 425 1044 resistere
433 1027 503 1044 timeret.
516 1027 555 1050 lpse
564 1028 591 1044 est
600 1027 628 1049 qui
637 1026 692 1044 samo-

139 1062 154 1082 i]
164 1061 229 1079 Sepultus
240 1061 261 1075 bix
270 1062 391 1082 Apostoloatt‘ehlt
403 1063 417 1076 in
427 1062 451 1076 der
462 1062 483 1076 hs,
493 1062 517 1077 der
527 1062 599 1079 Gelenius,
612 1061 649 1076 steht
657 1061 692 1076 nter

122 1078 144 1092 hei
153 1079 196 1092 llalrn.
214 1079 231 1096 2)
241 1081 323 1093 umus-steria
332 1079 354 1092 lm
363 1079 420 1093 Levold.
