738 1221
111 62 146 79 360
290 69 308 80 ει
319 68 402 80 consume
414 69 501 80 commum.

70 108 103 122 1226
112 103 144 121 bus
157 105 173 120 et
187 103 317 125 approbantibus
330 103 413 120 universis
426 103 544 125 Langobardie
556 103 631 126 prelatis.
645 103 680 120 Sed

110 128 181 145 eandem
197 128 296 145 senientiam
310 130 370 150 postea
383 132 427 150 papa
440 127 525 145 Honorius
537 128 633 150 revocavit,
641 128 681 144 mit-

111 155 148 170 tens
159 152 251 170 Alatrinum
264 152 368 175 capellanum
382 157 439 174 suum;
452 153 501 170 euius
516 153 629 175 suggestione
641 153 680 169 Me-

111 177 196 195 diolanum
209 179 226 194 et
238 177 289 194 multe
302 178 379 194 civitates
392 177 482 199 complices
494 179 551 195 contra
563 178 680 199 imperatorem

110 203 244 224 coniuraverunt,
252 202 333 219 facientes
339 202 428 223 collegium
437 202 482 224 quod
489 202 639 224 Longobardorurn
649 206 680 219 so-

111 228 163 244 cietas
173 231 202 249 per
210 227 261 244 multa
269 228 344 249 tempora
355 228 381 243 est
389 229 472 244 vocatum*

148 251 187 274 Ipso
196 256 241 268 anno
250 251 337 268 Heinricus
347 251 454 269 Coloniensis
464 252 528 269 electus
537 252 554 269 ia
563 252 680 274 archicpisco-

110 281 149 299 pum
159 281 168 293 a
177 276 278 293 Treverensi
291 276 419 299 archiepiscopo
433 276 503 294 Colonie
517 277 533 294 in
546 277 603 298 vigilia
615 276 680 293 Mathai

111 301 184 324 apostoli
198 300 250 324 [sepi.
263 300 295 324 20]
310 306 346 318 cum
361 306 422 323 magna
435 301 551 324 solempnitate
565 302 680 323 consecratur,

111 326 218 349 presentibus
230 326 308 343 omnibus
320 326 431 347 suffraganeis
444 327 489 348 suis,
502 331 532 343 nee
544 331 578 344 non
588 328 605 344 et
613 326 680 343 Jacobo

111 350 198 368 Aconensi
207 352 224 368 et
232 350 333 368 Herimanno
343 350 421 368 Lealensi
430 352 520 373 episcopis.

149 375 189 392 ltem
198 376 235 397 ipso
244 380 288 393 anno
296 375 390 393 Friderieus
396 380 459 398 comes,
468 376 513 398 impii
522 377 581 393 auctor
589 375 680 397 homicidii,

111 405 142 422 per
154 402 206 417 totum
218 405 279 417 annum
291 400 373 422 profugus
387 402 404 417 et
416 401 518 423 occultatus,
527 405 537 418 a
546 400 618 423 quodam
629 400 680 417 milite

112 425 179 442 nornine
188 425 271 442 Balschun
278 425 348 447 capitur,
357 427 374 442 et
382 430 411 447 pro
419 425 485 443 duobus
493 426 559 442 milibus
566 429 657 443 marearum
663 426 681 442 et

112 452 178 467 centurn
184 450 243 467 marcis
248 450 359 472 venundatus,
364 450 461 467 Coloniensi
467 450 593 472 archiepiscopo
597 450 680 471 assigna—

113 476 143 492 tur.
156 474 188 495 Qui
197 475 214 492 in
223 475 268 492 festo
275 475 341 492 Martini
350 476 428 497 sequenti
439 475 503 492 scilicet
509 475 536 492 die
543 479 587 492 anno
594 475 679 497 sequenti,

113 504 146 522 qua
159 504 219 521 corpus
230 500 302 516 lacerum
316 499 386 521 gloriosi
398 500 520 522 archiepiscopi
533 499 640 517 Coloniensis
653 501 681 516 est

113 526 203 546 reeeptum,
213 528 296 546 quamque
305 524 349 541 idem
358 525 449 547 episcopus
458 525 513 542 adhuc
521 525 580 542 vivens
589 529 619 547 pro
627 524 681 541 forma

114 549 241 571 compositionis
257 549 323 570 agenda
336 549 368 571 ipsi
381 549 477 572 prefixerat7
491 549 560 566 Colonia
573 550 681 571 presentatus

114 575 149 595 est,
162 575 179 590 et
190 574 238 590 tertia
251 573 278 591 die
288 573 331 591 facta
340 574 458 596 consessione,
468 576 484 591 et
493 574 562 596 proditis
571 574 681 596 complicibus

113 598 163 615 huius
172 598 219 620 facti,
233 600 279 616 extra
288 603 344 616 muros
356 599 428 616 civitatis
437 599 453 616 in
463 601 499 616 rota
508 599 574 621 positus
583 603 634 621 super
642 603 681 616 mo-

114 623 167 640 dicam
177 623 272 645 piramidem
286 625 312 640 est
321 624 402 641 elevatus.
416 624 476 641 Postea
485 623 624 641 convenientibus
634 624 681 646 epis-

114 648 163 670 copis
173 650 189 665 et
198 648 282 665 nobilibus
288 650 330 665 terre
338 649 407 666 vasallis
415 649 468 665 saneti
475 649 523 671 Petri,
533 648 599 666 nobiles
609 648 682 670 quidam,

114 673 142 695 qui
155 677 185 695 pro
198 673 293 691 huiusmodi
307 673 421 690 intersectione
433 674 509 696 suspecti
521 673 633 695 habebantur,
641 673 683 690 licet

115 697 211 720 difficulter,
225 698 246 715 ab
258 698 385 720 archiepiscopo
399 700 416 715 et
425 698 508 720 prioribus
521 698 650 715 coloniensibus
660 697 683 714 ad

115 722 253 744 expurgationem
263 723 324 740 obiecti
333 723 406 740 criminis
416 724 455 740 sunt
463 723 537 740 admissi.

152 746 201 764 Anno
214 747 276 764 domini
288 748 389 764 m.cc.xx,vii.
402 747 491 765 Heinricns
501 752 540 770 rex,
550 747 593 764 lilius
602 747 681 764 Friderici

115 771 228 794 imperatoris,
240 771 341 794 Aquisgrani
350 773 426 795 veniens,
438 772 560 789 celeberrimam
573 772 634 789 curiam
644 776 682 789 curn

116 796 200 813 nobilibus
210 797 260 813 totius
270 797 352 814 Teutonis
361 797 419 814 habuit
428 797 511 814 dominica
520 797 580 814 Judiea
589 801 615 814 rne
627 796 682 819 [mfirz

116 820 154 844 28].
166 821 211 838 Inter
220 826 263 843 quos
272 822 346 844 precipui
357 823 405 839 erant
413 822 543 844 Salzburgensis
552 822 681 843 Mogoncionsis

116 845 219 867 Trevirensis
229 846 335 863 Coloniensis
344 847 474 869 archiepiscopi,
487 846 553 864 Austrie
564 847 634 863 Bavarie
645 846 683 864 Ka-

115 870 175 887 rinthie
187 871 279 888 Brnbancie
291 871 399 893 Lotharingie
412 871 473 894 duces,
486 871 599 893 lantgravius,
609 871 683 889 Ferrari-

116 895 148 912 dus
160 899 217 912 comes
230 895 315 918 Flandric,
328 896 355 918 qui
369 900 399 918 per
413 896 500 913 duodenim
514 900 568 913 annos
581 896 653 913 Parisius
664 897 682 913 in

117 920 213 942 captivitate
226 925 236 937 a
248 925 289 942 rege
304 921 372 938 Francis
387 921 464 938 detentus
479 921 532 938 suerat
545 923 562 938 et
575 921 625 943 priori
636 925 682 938 anno

117 944 209 962 absolutus.
222 945 246 962 lbi
258 946 309 963 eciam
318 947 433 963 convenerunt
445 946 471 963 alii
484 950 533 967 quarn
542 946 597 968 plures
605 946 683 968 episcopi

117 971 133 986 et
145 970 214 987 comites
222 972 238 987 et
248 971 301 987 tocius
313 971 394 988 Teutonie
403 970 473 987 nobiles.
486 970 518 988 Ubi
527 975 536 988 a
544 970 641 987 Coloniensi
652 975 683 987 ar-

117 994 225 1016 chiepiscopo
236 994 314 1012 Heinrico
326 999 368 1012 uxor
379 995 431 1017 ipsius
443 996 498 1018 regis,
508 995 541 1012 tilia
552 995 599 1012 ducis
608 994 682 1016 Austrie,

117 1019 169 1040 regali
177 1019 293 1037 benedictione
301 1021 399 1037 consecratu
407 1021 423 1037 ct
432 1021 533 1037 coronatam
542 1019 583 1037 sede
591 1020 637 1041 regia
645 1020 684 1037 ool-

117 1044 185 1061 locatur*

154 1068 218 1086 Eodem
229 1073 273 1086 anno
287 1069 371 1087 Honorius
386 1074 429 1092 papa
443 1074 479 1086 cum
492 1069 570 1087 undecim
583 1070 632 1086 aunis
643 1074 686 1091 pre-
