738 1221
102 72 137 89 540
271 73 273 75 “
284 78 382 90 :annuimus
393 78 486 90 uranum.

61 117 95 130 iaso
103 113 213 135 assignando.
226 113 276 131 Anno
284 113 345 130 domini
355 117 395 130 nme
397 126 450 130 .....
460 112 537 130 domiuus
546 113 631 130 Latizlaus
640 118 669 130 rex

101 138 174 160 Ungarie
188 139 225 155 siue
242 138 332 155 heredibus
347 138 423 161 moritur,
438 139 455 155 et
468 138 538 155 comites
551 142 582 155 seu
595 138 668 155 barones

101 163 176 180 eiusdem
188 163 235 184 regni
245 162 285 186 as-]

138 188 213 205 M.cc.xc.
221 187 262 205 Cum
269 187 347 205 Albertus
356 187 390 205 dux
396 187 463 205 Austrie
472 192 509 205 cum
519 187 608 205 Cbunrado
619 187 668 205 Salz-

101 213 181 234 burgensi
188 213 316 235 archiepiscopo
323 212 436 234 discordaret,
446 214 463 229 et
472 217 493 229 ex
500 214 570 234 utraque
577 214 625 234 parte
636 212 668 229 sibi

101 237 173 260 dampna
180 238 237 258 gravia
248 238 347 259 intulissent7
355 237 398 254 idern
409 237 544 259 archiepiscopus
553 237 670 254 consederavit

102 263 133 279 sihi
144 262 222 279 Ottonem
236 262 294 279 ducem
310 262 396 284 Bawarie7
412 263 429 279 et
441 266 475 279 uua
488 266 526 279 cum
538 262 613 284 predicto
625 262 669 279 duce

101 287 203 304 Karintbiam
212 288 239 304 est
247 287 345 309 ingressus,
355 286 443 304 fiduciatus
453 286 473 303 ab
484 287 544 304 incolis
556 286 601 308 quod
609 288 669 309 posset

101 314 160 329 terram
169 312 224 334 Styrie
233 311 313 329 obtinere.
330 311 363 329 Sed
373 311 439 328 tandem
451 316 482 328 eos
494 311 546 328 redire
558 311 620 329 infecto
635 316 669 329 ne-

102 337 151 358 gocio
163 336 238 354 densitas
247 337 308 353 nivium
316 336 432 358 compellebat.
448 336 529 358 Sequenti
541 341 581 353 vero
594 338 669 358 tempora

101 361 186 383 predictus
194 361 331 383 archiepiscopus
338 361 383 383 cepit
394 361 443 378 filium
452 361 500 378 ducis
508 360 592 378 Kerinthie
599 359 610 383 ¹,
622 362 670 378 cuius

101 386 177 403 liberalia
187 391 247 408 magna
256 386 324 403 occasio
332 386 362 403 suit
374 386 419 408 quod
427 390 460 408 pax
469 386 512 402 inter
520 386 567 408 ipsos
576 386 630 403 extitit
641 391 669 403 re-

101 411 175 428 formata.
193 411 247 433 Super
259 416 292 433 qua
307 411 425 428 reformatione
438 410 527 427 Heinricus
539 410 668 433 Ratisponensis

102 436 192 458 episcopus
197 440 231 453 una
240 440 277 453 curn
281 436 363 453 Ludwico
371 435 414 453 duce
420 435 496 452 Bawan'e
501 435 572 453 sollicite
581 436 669 453 laboravit.

102 460 138 481 Qua
148 460 237 478 concordia
246 461 315 478 durante
322 461 350 477 vix
357 460 378 477 ad
385 462 419 478 tres
427 465 481 477 annos
488 460 514 477 vel
524 460 574 482 paulo
582 461 626 483 plus,
635 460 670 477 dux

101 485 169 503 Austrie
177 485 244 502 obsedit
250 485 318 508 opidum
326 485 385 502 Restat
391 485 413 502 ad
420 485 463 502 duos
472 489 540 502 menses
551 485 578 502 vel
585 485 669 502 modicum

101 510 177 532 amplius
193 510 208 527 Α
220 514 253 532 qna
263 510 352 527 obsidione
364 510 431 527 tandem
443 511 511 532 propter
523 510 595 532 inopiam
604 510 670 527 victua-

101 535 149 557 lium,
162 539 194 557 que
204 539 234 557 per
242 537 315 556 angusta
324 535 402 552 montium
411 534 472 552 adduci
481 534 583 552 sufficienter
591 538 628 552 non·
635 539 670 557 po-

101 561 163 582 (erant,
177 559 236 576 dicitur
247 560 350 582 recessisse,
364 560 403 581 quia
416 561 432 576 ei
444 559 478 576 dux
492 559 531 576 Otto
544 564 580 576 cum
594 560 669 577 exercitu

101 589 156 606 usquc
165 585 181 601 in
191 584 305 606 Saltzburgarn
314 586 421 606 processerat
429 586 487 601 contra
498 585 556 606 ipsum.

137 609 222 626 M.cc.xc.i.
236 607 309 627 Civitas²
317 609 390 632 Akaron,
401 614 450 631 quam
463 609 515 626 solam
526 609 609 626 habebant
618 608 669 626 Chri-

101 634 150 651 stiani
159 635 176 651 in
185 635 229 651 tcrra
238 636 302 656 sancta,
311 634 384 651 obsessa
394 636 420 651 est
428 638 458 656 per
468 634 558 651 Soldanum
568 634 668 656 Babylonio,

101 660 118 676 et
127 663 156 681 per
165 659 275 681 quadraginta
284 659 321 676 dies
330 660 346 676 et
355 660 414 676 noctes
423 659 460 676 sine
468 659 592 676 intermissione
600 659 669 681 impug-

101 685 141 701 nata
150 685 198 706 capta
207 685 242 706 est,
253 685 269 701 et
277 683 337 701 ibidem
347 684 398 701 multa
405 683 534 701 Christianorum
543 683 587 700 milia
596 685 612 701 et
619 685 669 706 capta

102 710 140 725 sunt
149 710 166 725 et
175 709 241 731 occisa,
251 709 302 730 aliqui
311 710 366 726 autem
375 713 404 731 per
413 709 497 730 navigium
506 708 588 730 sugerunt.
600 708 621 725 Et
629 708 669 730 quia

101 733 189 750 multorum
198 735 233 750 erat
241 733 303 756 opinio,
313 733 359 755 quod
369 734 383 750 si
393 733 452 750 iratres
462 733 548 750 domorum
557 732 624 755 ibidem7
633 733 669 750 sci-

101 758 141 775 licet
153 758 219 780 Hospit.
231 758 293 780 Templ.
303 759 320 775 et
328 758 400 775 Teutou.
410 759 426 775 et
434 758 508 779 reliquus
518 758 590 780 populus
600 758 669 775 omnino

101 782 229 805 concordasset,
239 783 298 800 civitas
307 784 356 805 capta
365 787 399 800 nou
409 783 478 803 luisset,
488 782 572 800 mandavit
581 787 624 805 papa
638 782 669 800 Ni-

101 807 160 825 colaus
173 807 250 825 omnibus
262 807 360 830 patriarchis
370 807 500 830 archiepiscopis
510 808 595 830 episcopis
605 809 622 825 et
631 807 669 825 aliis

101 833 178 854 prelatis;
190 834 209 850 ut
218 832 289 850 concilia
297 832 405 855 provincialia
413 833 522 855 celebrarent,
531 834 548 849 et
557 832 670 850 deliberarent

102 862 135 879 qua
148 862 180 879 ope
193 857 220 874 vel
234 857 304 874 consilio
318 857 372 874 eidem
384 859 426 874 terre
439 857 494 879 possit
506 857 596 874 srmveniril
609 857 631 874 Et
639 862 670 879 per

101 882 189 899 concilium
202 882 275 899 habitum
288 882 386 904 Saltzpurgc
399 882 497 904 rescriptum
510 882 540 899 fuit
549 882 616 899 domiuo
625 886 669 904 pape

101 908 118 924 et
127 907 231 929 consultum,
240 908 258 924 ut
269 906 339 929 predicti
352 908 385 924 tres
396 907 464 924 ordines
473 907 579 924 counirentur
588 906 609 924 ad
618 911 669 924 uuum

101 931 186 954 ordinem,
199 932 295 948 melioribus
307 936 362 949 eorum
376 931 487 949 observantiis
499 932 516 948 in
528 936 578 948 unum
589 931 668 954 redactis,

101 958 119 973 et
128 956 173 978 quod
181 956 202 973 ud
210 961 307 974 succursum
316 956 390 973 eiusdem
400 958 443 973 terre
453 958 512 973 sancto
520 961 550 973 rex
557 956 669 974 Rornanorum

101 985 139 998 eum
151 981 253 1003 principibus
265 983 357 998 vocaretur.
371 980 402 1001 Qui
414 981 470 998 nuncii
482 982 571 1003 antequam
581 981 669 998 venissent

101 1005 123 1023 ad
134 1006 195 1023 curiam
205 1010 248 1028 papa
258 1008 331 1023 mortuus
342 1007 374 1023 est.
386 1005 408 1023 Et
416 1006 441 1023 sio
450 1006 482 1023 boc
491 1006 580 1028 negocium
589 1007 669 1023 remansit

101 1030 185 1048 iniectum.

120 1067 134 1083 ι)
143 1066 205 1080 unwano
213 1066 253 1080 mm
262 1068 290 1080 en«
299 1067 312 1080 a„
321 1067 346 1080 aar
355 1066 375 1080 hs*
393 1067 409 1083 a)
419 1066 464 1080 aiem
472 1066 518 1080 aaut:
527 1066 598 1081 civim-
604 1066 669 1080 inre->iun

102 1083 136 1097 fanu
144 1084 158 1097 iu
167 1084 191 1097 aar
199 1083 219 1097 hs
229 1083 265 1097 sier-t
274 1083 306 1097 nim
315 1083 349 1097 mea
359 1084 377 1097 im
386 1083 435 1097 cumn.
445 1083 491 1097 ειιιιι,
