738 1221
134 62 169 80 236
306 68 393 80 imminu
403 69 520 81 woanrrssirem

135 108 172 121 mus
185 104 283 121 roboratam.
297 103 357 121 Datum
369 105 385 121 et
398 105 452 121 actum
461 108 506 121 anno
515 103 577 121 domini
587 104 675 121 m.cc⁴1x.vi.
683 105 698 121 in

133 129 191 151 vigilia
201 128 249 146 beate
259 129 360 150 Margaret&

158 177 182 193 ²1.
193 177 272 193 Friedrich
285 177 368 193 erwtssilter
380 181 410 193 von
426 177 487 193 Worms
501 177 584 193 venientu
597 178 625 193 aut·
634 178 665 193 alle
674 182 698 193 an-

194 198 260 217 spruthe
271 202 325 217 wegen
336 197 363 213 der
374 197 469 213 stddtisclien
480 198 550 213 almende
561 198 619 214 welche
632 198 657 214 die
665 198 698 214 bur-

193 222 221 237 ger
231 222 259 234 zur
269 218 354 237 bezahlnng
366 218 393 233 der
403 218 499 234 stadtischen
510 218 584 234 schuldeu
595 219 667 234 verkaut'r
674 219 699 234 ha-

194 238 233 258 ben,
249 238 279 254 und
294 239 335 258 glebt
351 239 393 254 seine
409 238 513 258 einwllllguug
527 239 564 254 dass
575 239 603 254 das
614 239 667 259 uugelt
676 239 698 255 bis

195 260 247 275 ostem
263 259 290 275 des
304 259 378 275 nachsten
392 259 433 275 tahrs
444 263 463 275 zu
474 259 501 275 der
511 259 553 275 stadt
564 259 646 275 nothdurtt
656 260 698 275 erhu-

194 279 224 295 ben
234 279 289 295 werde.
312 280 355 295 127³.
366 280 396 295 iau.
410 280 432 295 ιι.

169 313 282 337 F[ridericus]
295 314 322 331 dei
334 314 391 336 gracia
404 314 531 331 wormatiensis
545 315 609 332 electus
621 316 697 332 constare

132 339 209 357 volumus
219 339 311 361 universis,
321 339 366 361 quod
375 343 413 356 curn
423 343 455 356 nos
467 341 506 361 post
516 339 615 356 electionem
628 341 646 357 et
655 344 696 356 con-

133 364 240 381 ilrmationem
252 366 326 382 nostram
333 363 340 382 ll
348 363 369 381 ad
378 364 461 381 civitatem
470 364 611 381 wormatiensem
620 365 697 381 venisse-

132 393 175 411 mus,
184 389 292 411 providentes
302 388 323 406 de
331 389 402 410 singulis
412 390 429 405 ct
436 389 524 411 universis,
534 390 550 406 et
559 388 670 411 disponentes
678 393 697 406 ea

132 418 165 436 que
173 413 277 436 providenda
287 414 352 431 fuerant
360 415 377 430 et
386 413 477 436 tractanda,
485 413 493 434 Ιι
499 414 542 431 inter
550 414 583 431 alia
591 413 624 431 duo
634 414 697 431 inveni-

133 443 179 461 mus,
196 438 289 456 almendam
302 438 381 455 videlieet
392 438 433 455 infra
448 439 546 455 territorium
560 439 633 456 civitatis
648 439 698 461 ipsius

133 463 181 480 sitam
190 463 225 480 sorc
234 464 317 481 venditam
325 465 393 485 propter
403 463 525 480 incumbentem
532 462 539 482 ll
547 464 666 480 necessitatem
676 464 698 480 ci<

132 488 189 505 vitatis
201 489 218 505 et
229 488 356 510 oppressionem
366 492 434 509 gravem
448 488 555 510 multiplicum
567 488 671 511 debitorum,
684 489 699 505 et

132 513 219 534 ungeltum
227 513 271 535 quod
279 513 354 535 percepit
362 513 422 529 civitas
428 514 445 530 et
452 513 487 530 suis
496 512 555 530 usibus
562 513 663 535 applicabat,
671 517 698 530 su-

132 542 162 560 per
171 537 231 559 quihus
241 537 306 555 dilectis
316 537 378 554 nostris
388 537 453 554 civibus
462 537 582 555 intentavimus
591 538 699 560 questionem

132 562 153 579 Et
161 562 228 579 tandem
237 567 273 579 cum
283 563 325 585 ipsis
338 562 447 579 convenimus
457 564 474 579 ct
482 562 622 579 concordavimus
632 564 699 585 paterne

132 587 193 609 pariter
207 588 224 604 et
236 587 296 610 amice,
307 587 352 609 quod
363 587 435 604 totaliter
445 587 541 609 simpliciter
550 589 567 604 et
578 587 599 604 de
610 587 661 609 plano
674 591 698 604 re-

132 613 230 629 nunciamus
246 612 302 634 quoad
315 611 410 629 huiusmodi
422 612 523 634 almendam,
537 614 601 634 gratum
617 612 698 629 hahentes

132 637 213 659 quidquid
221 641 250 659 per
258 637 305 659 ipsos
314 638 331 654 et
339 637 356 654 in
363 636 394 654 hac
403 638 450 659 parte
457 638 577 659 attemptatum,
587 638 603 654 et
612 641 698 659 numquam

131 666 162 684 pro
173 661 267 679 huiusmodi
279 661 356 679 almenda
370 661 434 678 civibus
446 661 487 684 ipsis
498 661 602 679 movebimus
611 662 697 679 actionem.

131 686 157 703 De
167 687 236 708 nngelto
248 687 296 703 etiam
310 687 334 704 sio
345 686 491 708 concordavimus,
501 686 546 708 quod
557 686 578 703 de
589 686 633 703 bona
642 687 698 703 nostra

132 711 219 728 voluntate
232 713 258 728 est
269 713 285 728 at
293 716 374 733 assensu,
384 710 428 733 quod
439 711 484 728 illum
493 711 579 733 ungeltum
591 711 612 728 ab
622 711 698 728 instanti-

133 735 164 752 bus
174 736 242 758 paschis
253 740 283 758 per
294 740 355 753 annum
364 740 394 758 pro
406 736 507 753 necessitate
521 736 592 753 civitatis
603 737 671 753 taneant
682 737 698 752 ct

132 761 224 782 percipiant
234 760 304 777 comode
313 762 329 777 et
336 761 397 783 quiete.
410 760 429 777 ln
437 765 505 782 quorum
516 760 616 778 evidentiam
624 765 696 782 presen-

132 787 165 802 tem
178 785 241 802 literam
256 785 321 802 civibus
331 785 372 807 ipsis
384 787 441 802 nostro
455 785 511 807 sigillo
520 785 596 802 dedimus
604 785 697 802 communi-

131 812 169 827 tam.
182 810 242 827 Datum
252 814 296 827 anno
305 809 366 827 domini
376 810 494 833 m.cc.lxx.viii.,
503 810 543 827 seria
552 810 603 827 tercia
612 812 652 832 post
662 810 696 832 epi-

131 835 209 857 phaniam
218 835 280 852 domini
289 835 368 857 proxima.

159 884 184 899 22
195 883 273 899 Friedrich
289 883 326 902 grat
338 887 367 899 vnn
382 884 464 902 Leiningen
478 883 505 899 der
519 884 558 904 alte,
575 884 653 900 Eberhard
668 883 697 899 und

192 904 259 920 Walram
273 904 349 923 gehrttder
365 904 419 923 grafen
433 908 462 920 vnn
477 904 586 920 Zweibrttcken
600 904 630 920 und
647 904 697 920 Emtth

193 925 229 944 graf
237 929 267 940 von
278 925 360 944 Leinlngen
371 925 471 940 heurkunden
482 925 518 940 dass
529 925 557 941 der
568 926 612 941 streit
622 925 697 941 zwlseheu

194 945 255 961 hisehot'
264 946 319 964 capite!
330 945 360 961 und
372 945 413 961 stadt
423 950 453 961 von
460 945 519 961 Worrus
530 946 561 961 und
572 946 602 961 den
613 946 697 965 gebrudern

193 965 250 981 Rudalf
259 965 289 981 und
301 966 362 981 Anselm
373 967 428 982 rittern
442 970 471 981 von
482 966 582 982 Drachenfels
597 970 650 986 wegen
661 966 696 982 eiul-

192 990 220 1005 εει
230 986 275 1002 lehen
285 986 361 1006 beigelegt
372 987 399 1002 sei.
422 987 461 1002 1287
472 986 510 1006 april
523 987 535 1002 1,

168 1020 203 1037 Nos
212 1020 305 1038 Fridericus
315 1025 372 1038 comos
384 1020 405 1037 de
415 1020 498 1042 Liningen
512 1021 579 1043 senior,
592 1020 695 1038 Eberhardus

131 1046 148 1062 et
160 1044 254 1063 Walramus
261 1044 268 1063 ll
275 1044 335 1063 fratres
351 1046 421 1063 comites
434 1045 455 1062 de
468 1045 586 1062 Zwenbrulren
599 1046 617 1063 et
629 1045 694 1063 Emiclto

131 1073 188 1087 comes
198 1069 219 1086 de
227 1069 311 1091 Liningen
320 1070 380 1087 litteris
387 1069 394 1089 [Ι
401 1070 507 1092 presentibus
517 1070 628 1088 testiinonium
637 1070 692 1092 pothi<
