738 1221
225 75 310 87 ninonu
320 75 441 87 wonnnnaam.
583 68 617 85 229

80 109 100 124 14.
110 109 228 124 Dlenstinannen
242 109 343 124 ratnnunnen
359 109 417 124 rienter
432 108 501 124 schliffen
516 108 548 124 und
562 108 618 127 trutger

110 129 202 148 gemeinlieh
216 133 245 145 von
260 129 320 145 worn-s
334 129 436 145 heurkunden
449 129 493 145 ihren
504 130 532 144 mit
542 129 572 144 den
583 129 618 144 bitr-

111 154 148 169 gern
159 154 189 165 von
200 150 248 165 Malnz
258 154 285 165 zur
296 150 338 165 holte
348 154 376 165 zur
386 149 522 168 aufreentnaltung
534 149 572 165 alter
582 150 618 165 bilr—

111 170 190 189 gerlieben
200 171 253 186 reehte
263 170 294 186 und
305 175 332 186 zur
342 170 512 186 schiedsriehtetlichen
521 170 619 189 sentient-mg

111 191 148 206 aller
163 191 276 210 streltigkelten
291 192 387 210 gegenseitlg
403 191 528 210 elngegungenen
543 191 575 206 und
592 191 618 206 be-

111 212 203 227 eehwornen
213 211 260 227 hund.
283 212 326 227 1254*

89 245 107 262 ln
119 245 186 262 nomine
199 247 257 262 sancte
270 247 287 262 et
295 245 381 262 individue
395 245 482 267 trinitatis,
497 249 550 262 amen.
568 244 618 261 Mini-

59 270 128 287 steriales
137 270 219 287 eonsules
227 269 292 287 iudices
302 270 366 287 scabini
376 271 392 287 et
401 270 474 287 universi
483 270 529 286 cives
538 269 618 286 Worma-

59 295 123 312 aienses.
132 295 219 312 Universis
228 296 322 317 presentem
330 295 408 317 paginam
419 295 518 317 inspecturis
527 294 618 316 perfectam

58 320 129 337 noticiam
138 320 275 342 subscripturum.
292 319 357 337 Mirifioi
369 320 449 337 creatoris
463 320 551 336 elementia
559 324 618 341 paoem

57 346 72 361 et
79 344 181 362 concordiam
194 345 211 361 in
224 344 317 361 hominihus
329 346 416 367 operatur,
431 344 478 361 euius
492 348 553 361 nornen
567 344 618 361 estin

58 370 109 386 seenla
119 369 230 386 benedictum.
243 369 297 386 Huius
306 369 362 391 itaquo
372 369 430 391 spiritu
439 371 456 386 et
464 369 528 391 favore,
538 369 574 386 sine
584 373 618 390 quo

56 394 102 411 nichil
110 394 193 411 laudabile
203 396 232 411 aut
240 393 337 416 perfectum,
347 398 379 411 nos
388 394 456 416 antique
466 393 504 410 fidei
514 395 531 410 et
540 393 618 410 dilectio-

56 419 80 436 nis
88 423 176 439 memores,
185 423 218 441 que
227 419 269 436 inter
278 423 310 436 nos
319 420 393 436 nostram
402 420 419 436 et
427 418 532 440 Maguntiam
541 418 618 435 civitates

56 443 133 465 agebatur
146 443 248 466 temporibus
257 444 365 465 preteraotis,
380 443 423 460 idern
437 442 486 460 fedus
498 442 588 460 concordie
601 444 619 460 et

56 469 119 485 unitatis
128 468 179 490 digne
189 468 265 485 duximus
275 468 398 491 innovandum,
414 469 431 485 et
442 472 464 485 ne
476 467 541 485 labatur
551 472 581 489 per
589 472 618 484 se-

55 493 90 510 euin
99 493 199 510 confirmare.
212 493 279 510 Civibus
289 493 355 515 quidem
368 493 443 510 eiusdem
452 493 523 510 civitatis
533 497 565 509 nos
574 497 618 509 una-

55 518 117 535 nimiter
128 519 145 535 et
154 518 221 540 publice
231 518 336 535 astrinximus
345 518 443 540 iuramento,
453 517 498 539 qnod
507 522 564 534 eortnn
574 516 618 534 side-

55 542 78 559 les
87 547 125 560 esse
135 543 227 560 tenebimur
239 543 256 560 in
270 544 368 565 perpetuum
381 542 467 559 adiutores
480 543 538 559 contra
549 542 618 559 univer-

54 572 92 590 sos,
108 568 135 589 qui
153 568 200 589 ipsos
217 567 351 590 propulsaverint
368 567 430 584 iniuriis
446 568 475 584 aut
487 567 619 589 presumpserint

54 594 109 609 contra
122 592 204 609 iusticiam
217 592 311 609 molestare.
328 592 405 609 Preterea
418 592 473 609 omnia
486 592 521 608 iurn
534 591 589 608 civilia
601 591 618 608 in

54 617 116 634 iudieiis
129 617 228 640 sententiis,
240 622 306 634 necnon
315 618 331 634 in
341 617 424 634 universis
433 616 470 634 aliis
479 617 550 634 iusticiis
560 618 577 633 et
585 621 618 633 un-

54 642 110 664 genis,
120 646 153 664 qne
166 642 249 659 civitatem
261 644 334 659 nostram
348 642 456 664 contingunt,
471 641 512 663 ipsis
525 641 541 658 in
551 641 618 658 civitate

54 669 69 683 et
77 667 152 684 districtu
161 668 219 684 nostro
228 668 306 688 tanquam
315 667 377 683 nostris
387 666 501 683 exhibebimus
511 670 555 687 equa
563 666 618 688 lance,

53 691 73 708 ita
86 691 131 713 quod
145 691 177 708 hiis
189 691 246 713 iidem,
264 691 352 708 existendo
369 691 421 708 nostri
434 691 523 712 concives,
539 695 572 707 una
585 695 618 707 no-

54 716 114 733 biseum
126 716 232 738 perhenniter
244 718 336 733 contentur.
350 715 386 736 Que
395 716 416 733 de
429 717 485 732 cetero
494 716 534 737 ipsis
544 715 574 732 rite
584 715 618 732 ob-

55 741 155 758 servabimus
172 742 208 758 sine
222 741 266 758 dolo.
293 741 314 758 Et
329 741 361 763 ipsi
375 741 449 758 similiter
462 740 511 757 nobis
524 741 619 757 iuraverunt

54 767 69 782 et
77 766 191 783 observabunt
201 766 231 783 beo
240 766 295 783 omnia
304 766 340 783 viee
349 770 412 782 versas
425 765 451 782 Ad
461 765 577 782 removendam
587 769 618 782 an-

55 792 83 807 tem
98 795 163 808 omnem
176 791 210 807 litis
225 791 332 808 occasionem
346 792 374 807 aut
386 790 470 807 discordie
483 790 565 812 fomitem,
585 794 617 811 que

54 815 93 832 inter
102 820 134 832 nos
144 817 161 832 et
170 815 249 832 concives
258 817 326 832 nostros
336 815 455 837 Mogununus,
465 814 514 831 nobis
523 814 618 836 specialiter

53 839 126 863 dilectos,
136 842 195 862 posset
203 840 310 862 aliquetenus
320 840 394 862 suboriri,
402 841 473 861 quatuor
479 839 524 856 viros
534 839 577 855 inter
586 843 617 855 nos

54 865 142 887 elegimus,
159 866 175 882 et
188 865 221 887 ipsi
234 865 307 882 similiter
319 865 361 882 inter
370 869 389 881 se
397 865 467 886 quatuor
477 865 577 886 statuerunt,
589 863 617 885 qni

54 890 149 907 auetoritate
158 890 245 911 utriusque
257 890 327 907 civitatis
340 894 399 906 omnes
408 889 506 911 questiones
520 889 536 905 et
548 888 618 909 negotia

53 914 91 931 inter
101 919 133 932 nos
147 916 228 937 utrosque
244 914 351 931 amicabiliter
362 914 389 931 vel
403 918 431 936 per
443 913 524 930 iusticiam
537 913 616 930 termina-

53 939 97 961 bunt;
110 944 180 962 quorum
193 944 229 956 eum
244 940 304 962 aliquis
317 939 418 961 decesserit,
435 938 476 955 alter
488 938 526 955 loco
540 938 594 960 ipsius
607 942 616 954 n

53 965 119 981 oonsilio
129 966 215 981 statuetur⁴
229 965 247 981 ln
257 969 326 986 quorum
339 964 388 981 robur
402 965 418 980 ot
431 963 530 980 evidentiam
543 963 616 985 perhen-

54 989 109 1011 nalem,
119 991 214 1011 presentem
224 989 293 1006 litteram
302 989 344 1011 ipsis
353 988 450 1005 tradidimus
460 988 510 1009 sigilli
520 988 571 1004 nostri
581 992 617 1004 mu-

54 1013 110 1031 nimine
119 1014 221 1036 insignitum.
234 1013 293 1031 Actum
302 1018 347 1031 ormo
356 1013 418 1031 domini
427 1012 512 1030 montitii.
