738 1221
123 75 159 92 lali
305 82 386 94 sonamus
398 82 416 93 ur.
427 82 510 94 tasiniacus.

82 120 113 133 1291
123 117 155 134 lem
164 121 242 139 corpore,
255 117 338 134 licentiam
347 117 411 139 recepit
419 121 429 134 a
438 117 503 134 civibus
516 116 584 134 diceus:
600 117 639 134 Vale
650 118 689 134 civi-

122 143 149 159 tas
160 143 177 158 el
187 141 241 158 valete
253 142 296 158 cives
304 142 336 158 mei
344 141 410 158 dilecti!
421 142 441 158 Et
455 141 520 158 turbido
532 141 553 158 ab
566 142 591 159 eis
600 142 689 159 recedebat

121 167 173 183 vultu.
189 166 284 188 Regressus
298 168 371 183 castrum
384 167 446 188 imperii
458 166 586 189 Gerrnersheim,
596 171 634 184 mox
647 167 690 184 lecto

121 191 220 209 incumbens
234 190 340 214 egritudinis,
353 191 409 208 sciens
423 191 468 213 quod
480 191 525 209 brevi
538 191 554 208 iu
568 193 643 214 tempore
657 192 689 209 vita

122 218 139 234 el
148 216 206 238 spiritu
219 216 264 233 vitali
273 217 341 238 portans
351 217 424 238 usinum,
434 216 451 233 id
461 217 487 233 est
496 221 566 239 corpus,
580 218 627 234 esset
636 216 691 234 desti-

122 241 204 263 tuendus,
213 241 297 263 disposuit
306 240 361 258 domui
371 245 410 263 sue,
420 241 497 258 familiam
505 241 565 258 milites
573 242 590 258 et
597 241 640 258 alius
648 246 690 258 voce

122 266 223 283 lamentahili
231 265 333 283 licentiando
343 265 409 283 dicens:
421 266 466 287 quod
476 266 512 283 suis
522 266 629 287 disponerent
639 270 690 288 neqo-

122 291 158 311 liis,
170 295 207 307 cum
220 290 240 307 de
252 291 288 307 eius
299 291 334 307 vita
346 295 379 307 non
391 292 435 307 esset
445 295 484 312 spes
496 290 577 307 habenda.
589 291 691 313 Familiaque

122 316 176 338 ipsius
185 315 236 333 incliti
246 315 307 332 domini
316 315 337 332 ab
346 315 384 337 ipso
393 315 461 332 domino
474 315 546 332 recessit
555 320 592 333 eum
601 316 666 333 ululatu
675 317 691 332 et

122 340 162 357 lietu
171 344 238 362 magno.
249 340 330 357 Dominus
340 340 383 357 enim
393 340 474 357 Rudolfus
484 345 512 357 rex
521 340 606 362 predictus
616 345 626 357 a
635 341 690 357 castro

123 365 242 382 Germerslieim
256 369 275 382 se
288 365 371 382 transtulit
384 364 456 387 Spiram,
472 365 489 382 in
498 369 531 387 qua
541 365 607 382 civitate
617 365 692 387 Spirensi

122 394 174 412 reges
183 389 252 407 Romani
261 389 283 407 ab
292 390 360 411 antiquo
370 391 494 407 consueverunt
506 390 596 412 inhumari,
605 389 633 407 die
643 389 690 407 vide-

122 415 162 432 licet
175 414 261 437 sabbathi,
275 419 312 432 curn
325 415 352 431 die
365 414 448 432 dominico
461 415 539 437 sequenti
552 413 589 437 [iuli
602 414 634 438 15]
646 416 691 432 esset

123 440 216 457 moriturus.
229 439 248 456 ln
258 444 291 461 quo
301 439 328 456 die
337 439 421 456 dominico
431 440 475 457 circa
484 444 528 462 sero,
538 440 555 456 in
564 444 597 461 qua
606 441 647 456 tunc
658 441 692 456 erat

122 464 183 482 festum
196 463 307 487 Murgarete',
321 464 362 481 obiit
374 464 428 481 felicis
441 464 560 481 recordationis
570 464 649 481 dominus
658 464 691 481 Ru-

123 489 179 506 dollus
188 488 281 511 predictus,
289 493 366 506 sermone
375 493 407 506 suo
416 493 458 506 usus
467 489 540 506 discreto
550 493 603 510 usque
612 493 648 511 quo
658 489 691 511 spi-

123 514 169 531 ritum
184 514 269 531 emisisset
281 514 320 531 vite.
332 513 379 531 Fer-ia
392 516 447 530 autern
460 513 536 531 secunda
544 514 622 536 sequenti
631 518 692 536 eorpus

123 538 214 556 recolende
229 538 308 555 memorie
324 538 386 555 domini
399 538 464 555 Budelli
479 539 524 560 regis
537 543 574 555 cum
587 543 650 560 magna
663 543 691 555 so-

125 564 229 586 lempnitate,
243 563 287 580 sicut
300 563 356 580 decuit
368 563 479 580 Romanorum
492 568 558 585 regem,
572 563 649 580 traditum
663 563 692 580 suit

125 588 240 605 ecclesiastice
250 588 334 610 sepulture
343 588 360 605 in
370 588 443 605 eeclesia
452 588 532 611 Spirensi.

161 613 195 630 Sub
205 613 241 630 eius
250 612 311 630 domini
317 612 381 630 liudolfi
391 613 444 630 felicis
453 613 531 630 memorie
540 613 574 630 vita
583 614 600 630 et
609 613 689 634 regimine

124 639 171 655 tanta
183 638 214 655 [uit
226 642 259 660 pax
272 638 289 654 in
303 637 379 655 omnibus
392 638 466 660 partibus
475 637 570 660 Alemunie,
580 638 629 655 etiam
638 642 691 659 usque

124 667 158 685 quo
172 662 247 680 dominus
260 662 341 680 Rudolius
353 663 427 685 spiritum
437 663 531 680 contineret
539 663 581 685 vile,
592 662 637 684 quod
648 664 691 679 lanta

123 689 140 705 el
149 688 187 704 talis
194 692 227 709 pax
236 687 252 704 in
261 687 298 709 ipsa
308 689 350 704 terra
359 692 443 709 nunquam
454 687 484 704 fuit
496 687 553 704 habita
562 687 588 704 vel
597 687 639 704 visa.
654 686 689 704 Ad-

125 712 157 729 liuc
167 712 230 734 quievit
238 712 293 729 omnis
301 711 388 729 Alemania
397 713 414 729 in
423 713 517 734 conspectu
524 712 560 729 eius
568 713 584 729 et
592 716 602 728 a
610 712 654 729 facie
663 716 691 729 sua

123 737 176 754 timuit
185 737 238 753 omnis
247 736 306 758 humo3
319 738 335 753 et
344 737 410 759 statim,
424 741 461 754 cum
470 736 547 754 dominus
556 736 639 754 Rudolsus
649 736 691 753 diem

124 766 172 778 suurn
185 761 274 778 clausisset
286 762 385 783 extremum,
398 764 446 783 rupta
453 759 475 778 *et
488 761 571 780 dissoluta
580 761 610 778 fuit
618 766 652 783 pax
661 766 691 783 ge-

124 786 185 803 neralis
199 790 229 808 per
244 787 295 803 toturn
308 785 394 803 Alemanie
407 791 476 808 regnum
489 791 510 803 ac
522 786 536 803 si
548 786 564 803 in
578 786 636 803 eadem
651 788 691 803 term

123 812 208 833 nunquam
217 815 250 833 pax
259 811 356 828 exstitisset.
374 810 425 828 Cuius
438 811 487 828 etiarn
497 811 558 828 domini
567 810 632 828 Rudolii
642 815 691 828 recu-

124 835 175 853 lende
187 836 266 853 memorie
281 837 349 853 mortem
365 835 494 853 declaraverunt
505 836 592 853 luminaria
606 836 623 852 in
636 836 691 852 litma-

124 862 180 878 meuto
191 860 244 877 maius
256 862 274 877 et
282 861 345 882 minus,
358 860 384 877 sol
393 865 423 883 per
431 860 529 878 circularem
538 860 641 882 custodiam,
653 860 692 877 luna

124 890 164 902 vero
177 890 207 907 per
218 889 296 906 magnam
309 886 326 902 et
338 885 433 902 evidentem
446 885 521 907 eclipsim
532 885 549 902 in
562 883 639 902 tautum²
647 884 691 906 quod

124 910 161 932 ipsa
170 910 210 927 luna
223 910 258 927 suis
268 909 318 927 radiis
329 909 364 927 fere
373 914 403 932 per
411 910 478 927 dimidie
487 910 542 927 noctis
551 910 623 933 spatium
632 911 649 926 et
658 909 691 926 sul-

125 939 165 956 gnre
181 934 240 951 suisset
252 934 336 952 destituta.
356 934 437 952 Dominus
450 935 494 952 enirn
508 934 589 952 liudolfus
604 939 633 951 rex
648 934 691 951 clare

124 959 202 976 memorie
215 959 231 976 in
245 964 315 982 magna,
329 959 372 976 sieut
385 959 449 981 decuit,
459 959 516 976 habuit
526 959 619 976 reverentia
628 959 691 976 beatam

125 985 141 1000 et
150 984 240 1005 gloriosam
250 988 317 1006 semper
325 984 406 1005 virginem
415 984 490 1006 Mariam,
499 984 583 1001 intantum
591 985 640 1001 etiarn
648 983 691 1006 quod

125 1008 201 1026 omnihus
214 1008 292 1030 operibus
306 1009 340 1026 vite
352 1013 383 1026 sue
399 1009 470 1031 singulis
483 1008 542 1026 diebus
556 1008 662 1026 sabbatorum
672 1008 692 1025 ab

125 1034 169 1050 omni
182 1037 233 1055 opere
247 1034 340 1055 quievisset
350 1034 415 1055 servili,
425 1038 456 1051 nee
465 1035 524 1051 contra
533 1034 591 1050 hostes
601 1038 642 1050 suos
652 1037 692 1055 qua-

125 1058 217 1080 lescunque
226 1058 253 1075 die
262 1058 337 1080 predicta
346 1058 428 1075 movisset
436 1058 503 1080 bellum,
514 1060 531 1075 et
540 1058 562 1075 ol»
571 1058 603 1075 hoe
611 1060 690 1080 speratur7

142 1085 158 1101 1)
167 1085 203 1102 irrig,
221 1086 237 1101 2)
246 1087 260 1098 or
269 1085 304 1099 sicin
313 1085 343 1099 hier
351 1085 386 1099 nuel·
396 1086 414 1098 in·
423 1085 482 1099 abdruelr
493 1089 521 1099 ms
530 1085 552 1099 ioli
560 1085 632 1102 weglnm,
