738 1221
266 82 285 93 εκ
295 82 346 94 mona
358 83 408 94 wuffls.
587 76 623 93 453

55 116 116 138 qnippe
129 116 210 133 Ger-aldus
222 116 359 139 archiepiscopus
372 117 469 140 maguntie,
482 118 511 139 qni
520 122 541 135 ex
549 119 621 140 preemi-
631 119 664 132 ¹²⁵⁷

55 141 112 158 nautio
126 145 157 158 sue
169 141 225 158 debito
237 141 306 163 primam
318 141 349 159 sibi
362 146 427 159 inanum
436 142 522 164 imponere
530 143 623 166 tenebatur,

55 166 155 183 auctoritate
164 166 223 183 summi
231 166 315 188 pontilicis
324 167 500 184 excommunicationis
509 168 576 184 vinculo
585 167 623 185 sue-

55 192 80 207 rat
89 190 185 213 innodatus,
194 193 307 208 verumtamen
316 192 333 208 in
342 191 410 208 civitate
419 196 452 213 que
461 191 520 209 dieitur
528 192 623 214 Aquisgm-

56 220 104 238 num,
117 215 145 232 ubi
158 220 179 232 ex
190 216 258 237 antiquo
268 220 313 233 ruore
322 216 396 233 universi
405 221 454 238 reges
464 217 540 234 coronari
549 221 623 234 consue-

55 241 125 263 verunt,
134 240 255 262 presentialiter
263 240 341 257 interluit⁴
355 241 441 263 Completo
451 241 564 263 sollempniter
573 246 623 259 coro-

55 265 129 282 nationis
143 264 208 287 officio,
221 270 258 287 rex,
271 266 318 287 regio
327 267 426 283 venustatus
436 265 529 283 diademate
538 266 623 288 gloriosus

55 289 148 312 effulgenS,
157 290 174 307 in
182 290 242 307 throno
252 290 306 307 Caroli
315 290 371 312 magni
380 290 471 308 honorilice
481 291 579 312 collocatus,
589 291 623 309 do-

55 315 117 332 minum
125 314 215 332 Hem-ioum
224 315 274 332 lilium
284 320 331 332 suurn
340 315 397 332 militie
406 316 474 337 cingulo
482 315 573 333 decoravit.
586 316 621 334 Co-

55 341 115 357 ronatu
128 341 155 356 est
166 344 203 356 oum
217 344 237 356 eo
250 340 357 357 serenissima
370 340 431 357 ooniux
446 345 477 357 sua
486 340 564 363 senchia,
574 341 621 358 cuius

55 364 171 381 inestimabilis
183 364 278 386 pulcritudo
290 365 430 387 sollempnitatem
442 365 496 387 ipsam
512 370 545 382 non
557 365 623 383 medio-

54 389 103 406 criter
112 389 204 411 illustravit.
216 389 321 411 Sequebatur
330 391 362 406 tam
372 390 464 412 sollempne
473 390 567 407 convivium
577 390 623 412 quod

54 414 118 437 iudicio
131 414 227 436 principum,
236 416 253 431 et
264 419 349 436 procerum
359 414 387 436 qui
396 415 506 436 personaliter
514 415 623 432 interfuerunt

55 438 140 456 modernis
150 438 252 460 temporibus
261 439 402 461 comparationem
414 439 487 461 recipere
496 439 622 461 dedignabatur.

91 463 185 480 Minerviii.
205 463 294 485 Mugnates
310 463 371 485 Anglie
389 464 510 486 prospicientes
526 464 624 481 Richardum

55 492 112 510 regem
126 487 225 505 Alamannia
238 488 259 505 ab
275 487 337 510 Anglia
350 489 442 511 reeesisse,
456 489 484 511 qui
496 488 534 506 dum
548 491 595 506 esset
606 490 623 506 in

55 512 117 534 Anglia
126 517 183 534 regem
193 514 209 529 et
218 513 266 534 regni
275 513 388 530 moderamina
397 513 530 536 gubernaverat,
543 514 564 531 ad
576 514 624 531 ouius

55 539 113 555 nutum
122 538 201 554 universa
210 538 257 559 regni
266 538 335 559 negotiu
343 538 467 561 dependebant,
476 538 564 556 credentes
570 539 624 561 ipsum

55 563 73 579 in
81 562 160 584 Angliam
170 567 279 584 reversurum,
287 562 397 580 decernentes
406 567 463 584 regem
472 563 533 585 Anglie
543 564 589 585 regni
598 563 624 580 sui

55 587 129 609 negotiis
138 587 249 610 disponendis
258 588 331 604 inutilem
341 589 357 604 et
366 587 502 610 insufficientem,
512 588 556 605 circa
563 588 624 605 festum

56 612 110 629 saneti
127 611 203 629 Barnahe
217 613 315 634 congregati
329 614 368 629 sunt
383 611 457 635 Oxonie,
471 613 593 630 convenientos
606 613 624 630 in

54 641 105 654 unum
114 636 198 654 adversus
206 636 294 654 dominum.
299 639 315 654 et
324 641 380 658 regem
388 642 441 659 suurn,
450 639 518 654 unctum
527 638 583 659 utique
592 637 624 654 do-

55 662 122 679 minum.
135 661 155 678 Et
166 661 208 679 inito
218 662 290 679 consilio
301 662 380 684 imprimis
389 663 489 684 potestatem
499 662 530 679 sibi
539 662 624 684 regiminis

55 687 123 708 penitus
132 686 233 708 adimebant,
242 688 335 703 statuentes
344 688 362 703 ut
370 686 391 703 de
399 688 455 703 cetero
463 686 485 704 de
492 687 581 704 maioribus
589 691 623 709 po-

55 711 190 732 tentioribusque
199 711 246 732 regni
256 711 358 733 eligerentur
366 712 496 733 vigintiquatuor
505 712 533 733 qui
542 716 599 733 regem
607 713 624 728 el

55 740 125 757 regnum
135 735 186 753 solito
195 736 254 753 melius
263 736 385 758 gubernarent,
395 736 453 758 sicque
463 738 552 753 mutaretur
560 741 623 759 perpe-

55 765 89 777 mm
102 760 145 778 ordo
158 760 198 778 iuris
210 761 299 782 naturalis,
312 762 331 778 ut
343 765 372 778 rex
381 761 409 783 qui
418 761 495 778 subditos
504 766 564 783 regere
574 762 624 778 tene-

55 785 103 802 batur
113 789 123 802 a
132 785 203 802 subditis
213 787 307 808 regeretur,
318 787 334 802 et
343 790 352 802 e
362 790 449 803 converso.

92 810 137 827 Ante
150 809 216 827 testum>
223 810 342 832 purificationis
354 810 403 827 beate
412 810 465 827 Marie
475 809 532 833 [1259
542 809 583 833 ian.]
593 810 624 827 Ri-

56 834 129 852 ehardus
141 839 171 851 rex
183 834 294 852 Romanorum
307 835 374 852 rediens
384 835 405 852 de
414 834 512 852 Alemannia
520 835 537 852 in
546 834 624 856 Angliam

56 863 131 877 remeare
140 859 228 881 disposuit⁴
238 860 279 876 Cnm
288 860 364 876 venisset
373 859 418 881 apud
427 861 502 877 sanetum
511 859 624 876 Audomnrum

55 884 167 901 occurrebant
175 884 190 901 ei
200 888 221 901 ex
229 886 277 906 parte
286 884 366 901 baronum
375 884 436 901 ibidem
443 884 519 906 Rogerus
529 884 550 901 de
559 883 624 904 Quenoi

55 913 112 927 comes
129 908 208 931 Winton,
225 909 310 926 Walterus
324 909 443 931 Wigornensis
457 909 557 931 episoopus7
571 908 624 926 abhas

56 934 109 951 saneti
119 933 209 956 Edmundi,
219 934 272 951 abbas
282 934 336 951 sancti
348 933 438 956 Augustini
447 934 544 956 Cantuarie,
557 933 624 950 Johan-

55 964 85 976 nes
95 959 168 977 Mansell
177 960 193 975 et
203 959 230 975 alii
240 963 288 980 quam
299 959 364 981 plures7
378 959 473 976 inhibentes
482 958 546 980 eidem,
559 963 580 975 ne
590 963 624 980 quo

54 983 105 1001 modo
114 982 217 1005 in'Angliam
228 983 334 1000 transfretare
343 985 452 1006 presumeret‚
461 984 493 1000 nisi
502 983 572 1005 prestito
579 983 624 1005 prius

54 1009 157 1029 iuramento,
171 1008 216 1029 quod
229 1008 336 1030 provisiones
349 1008 455 1025 Oxonienses
465 1008 567 1025 observaret*
581 1007 624 1028 Qui-

54 1033 85 1050 bus
98 1033 126 1050 ille
138 1032 235 1055 respondit,
248 1033 293 1055 quod
307 1034 353 1050 extra
366 1037 436 1054 regnum
449 1032 511 1054 Anglie
520 1032 542 1049 ad
551 1032 583 1049 huo
591 1033 624 1049 ho-

54 1058 126 1079 magium
136 1057 212 1079 compelli
223 1062 256 1074 non
264 1057 359 1079 debuisset;
369 1057 483 1079 adiiciensque
490 1062 539 1079 quarn
549 1058 582 1074 oito
591 1062 624 1074 ve·-

53 1083 107 1100 nisset
121 1083 138 1099 in
150 1082 234 1104 mighem,
249 1083 263 1099 si
273 1082 349 1099 dominus
363 1087 391 1099 rex
404 1082 465 1104 Anglie
476 1082 526 1099 frater
535 1087 576 1099 suus
585 1087 624 1104 pre-
