<?xml version="1.0" encoding="UTF-8"?>
<!DOCTYPE html PUBLIC "-//W3C//DTD XHTML 1.0 Transitional//EN"
    "http://www.w3.org/TR/xhtml1/DTD/xhtml1-transitional.dtd">
<html xmlns="http://www.w3.org/1999/xhtml" xml:lang="en" lang="en">
 <head>
  <title>
</title>
<meta http-equiv="Content-Type" content="text/html;charset=utf-8" />
  <meta name='ocr-system' content='tesseract 3.04.00' />
  <meta name='ocr-capabilities' content='ocr_page ocr_carea ocr_par ocr_line ocrx_word'/>
</head>
<body>
  <div class='ocr_page' id='page_1' title='image "./fontesrerumgerm05hubegoog_0285.png"; bbox 0 0 738 1221; ppageno 0'>
   <div class='ocr_carea' id='block_1_1' title="bbox 122 45 514 63">
    <p class='ocr_par' dir='ltr' id='par_1_1' title="bbox 122 45 514 63">
     <span class='ocr_line' id='line_1_1' title="bbox 122 45 514 63; baseline 0 0"><span class='ocrx_word' id='word_1_1' title='bbox 122 45 158 63; x_wconf 64' lang='lat'><strong>224</strong></span> <span class='ocrx_word' id='word_1_2' title='bbox 297 51 383 63; x_wconf 70' lang='lat' dir='ltr'><strong>»irioni-a</strong></span> <span class='ocrx_word' id='word_1_3' title='bbox 394 51 514 63; x_wconf 67' lang='lat' dir='ltr'><strong>:vunnu-ruam</strong></span> 
     </span>
    </p>
   </div>
   <div class='ocr_carea' id='block_1_2' title="bbox 149 84 693 162">
    <p class='ocr_par' dir='ltr' id='par_1_2' title="bbox 149 84 693 162">
     <span class='ocr_line' id='line_1_2' title="bbox 149 84 693 104; baseline -0.002 -3"><span class='ocrx_word' id='word_1_4' title='bbox 149 86 172 101; x_wconf 84' lang='grc' dir='ltr'><strong>ιο.</strong></span> <span class='ocrx_word' id='word_1_5' title='bbox 182 85 249 101; x_wconf 77' lang='lat' dir='ltr'><strong>Landolf</strong></span> <span class='ocrx_word' id='word_1_6' title='bbox 257 85 320 101; x_wconf 65' lang='lat' dir='ltr'><strong>hisnnof</strong></span> <span class='ocrx_word' id='word_1_7' title='bbox 329 89 359 101; x_wconf 78' lang='lat' dir='ltr'><strong>ven</strong></span> <span class='ocrx_word' id='word_1_8' title='bbox 366 85 427 101; x_wconf 81' lang='lat' dir='ltr'><strong>Worms</strong></span> <span class='ocrx_word' id='word_1_9' title='bbox 437 84 500 101; x_wconf 80' lang='lat' dir='ltr'><strong>helehnt</strong></span> <span class='ocrx_word' id='word_1_10' title='bbox 510 84 539 100; x_wconf 72' lang='lat' dir='ltr'><strong>auf</strong></span> <span class='ocrx_word' id='word_1_11' title='bbox 548 85 596 104; x_wconf 74' lang='lat' dir='ltr'><strong>ewlge</strong></span> <span class='ocrx_word' id='word_1_12' title='bbox 606 85 656 100; x_wconf 76' lang='lat' dir='ltr'><strong>zeiten</strong></span> <span class='ocrx_word' id='word_1_13' title='bbox 667 84 693 100; x_wconf 77' lang='lat' dir='ltr'><strong>dle</strong></span> 
     </span>
     <span class='ocr_line' id='line_1_3' title="bbox 183 105 692 125; baseline -0.002 -3"><span class='ocrx_word' id='word_1_14' title='bbox 183 106 319 125; x_wconf 73' lang='lat' dir='ltr'><strong>burgergemeimle</strong></span> <span class='ocrx_word' id='word_1_15' title='bbox 335 105 404 121; x_wconf 79' lang='lat' dir='ltr'><strong>daselhst</strong></span> <span class='ocrx_word' id='word_1_16' title='bbox 417 106 445 121; x_wconf 83' lang='lat' dir='ltr'><strong>mit</strong></span> <span class='ocrx_word' id='word_1_17' title='bbox 459 105 486 121; x_wconf 88' lang='lat' dir='ltr'><strong>der</strong></span> <span class='ocrx_word' id='word_1_18' title='bbox 496 106 548 124; x_wconf 63' lang='grc' dir='ltr'><strong>νομεῖ</strong></span> <span class='ocrx_word' id='word_1_19' title='bbox 558 106 574 121; x_wconf 82' lang='lat' dir='ltr'><strong>in</strong></span> <span class='ocrx_word' id='word_1_20' title='bbox 585 105 692 121; x_wconf 82' lang='lat' dir='ltr'><strong>Nonnenmun-</strong></span> 
     </span>
     <span class='ocr_line' id='line_1_4' title="bbox 184 126 692 162; baseline -0.002 -20"><span class='ocrx_word' id='word_1_21' title='bbox 184 128 224 162; x_wconf 52' lang='grc' dir='ltr'><strong>ῗιῖἳὲ</strong></span> <span class='ocrx_word' id='word_1_22' title='bbox 233 126 319 162; x_wconf 44' lang='lat'><strong>3312?</strong></span> <span class='ocrx_word' id='word_1_23' title='bbox 329 130 359 142; x_wconf 82' lang='lat' dir='ltr'><strong>von</strong></span> <span class='ocrx_word' id='word_1_24' title='bbox 369 126 422 142; x_wconf 72' lang='lat' dir='ltr'><strong>kaiser</strong></span> <span class='ocrx_word' id='word_1_25' title='bbox 427 126 506 142; x_wconf 75' lang='lat' dir='ltr'>Friedrich</span> <span class='ocrx_word' id='word_1_26' title='bbox 511 126 569 142; x_wconf 71' lang='lat' dir='ltr'><strong>zurLlck</strong></span> <span class='ocrx_word' id='word_1_27' title='bbox 580 126 650 142; x_wconf 83' lang='lat' dir='ltr'><strong>erhalteu</strong></span> <span class='ocrx_word' id='word_1_28' title='bbox 660 126 692 142; x_wconf 82' lang='lat' dir='ltr'><strong>hat.</strong></span> 
     </span>
    </p>
   </div>
   <div class='ocr_carea' id='block_1_3' title="bbox 123 181 697 501">
    <p class='ocr_par' dir='ltr' id='par_1_3' title="bbox 123 181 697 501">
     <span class='ocr_line' id='line_1_5' title="bbox 159 181 693 203; baseline -0.002 -4"><span class='ocrx_word' id='word_1_29' title='bbox 159 181 252 199; x_wconf 81' lang='lat' dir='ltr'><strong>Landolrus</strong></span> <span class='ocrx_word' id='word_1_30' title='bbox 262 181 289 199; x_wconf 85' lang='lat' dir='ltr'><strong>dei</strong></span> <span class='ocrx_word' id='word_1_31' title='bbox 298 181 354 203; x_wconf 78' lang='lat' dir='ltr'><strong>gracia</strong></span> <span class='ocrx_word' id='word_1_32' title='bbox 364 181 496 198; x_wconf 78' lang='lat' dir='ltr'><strong>wormaciensis</strong></span> <span class='ocrx_word' id='word_1_33' title='bbox 509 181 605 203; x_wconf 86' lang='lat' dir='ltr'><strong>episcopus.</strong></span> <span class='ocrx_word' id='word_1_34' title='bbox 619 181 693 198; x_wconf 90' lang='lat' dir='ltr'><strong>Univer-</strong></span> 
     </span>
     <span class='ocr_line' id='line_1_6' title="bbox 124 206 693 228; baseline 0 -5"><span class='ocrx_word' id='word_1_35' title='bbox 124 207 148 224; x_wconf 83' lang='lat' dir='ltr'><strong>sis</strong></span> <span class='ocrx_word' id='word_1_36' title='bbox 155 207 172 223; x_wconf 91' lang='lat' dir='ltr'><strong>in</strong></span> <span class='ocrx_word' id='word_1_37' title='bbox 180 208 277 228; x_wconf 86' lang='lat' dir='ltr'><strong>perpetuum</strong></span> <span class='ocrx_word' id='word_1_38' title='bbox 288 206 348 228; x_wconf 78' lang='lat' dir='ltr'><strong>quibus</strong></span> <span class='ocrx_word' id='word_1_39' title='bbox 356 206 439 228; x_wconf 82' lang='lat' dir='ltr'><strong>presentis</strong></span> <span class='ocrx_word' id='word_1_40' title='bbox 447 206 504 228; x_wconf 79' lang='lat' dir='ltr'><strong>scripti</strong></span> <span class='ocrx_word' id='word_1_41' title='bbox 511 206 571 223; x_wconf 81' lang='lat' dir='ltr'><strong>seriem</strong></span> <span class='ocrx_word' id='word_1_42' title='bbox 580 206 641 223; x_wconf 85' lang='lat' dir='ltr'><strong>intueri</strong></span> <span class='ocrx_word' id='word_1_43' title='bbox 649 210 693 223; x_wconf 76' lang='lat' dir='ltr'><strong>eon-</strong></span> 
     </span>
     <span class='ocr_line' id='line_1_7' title="bbox 123 230 694 253; baseline -0.004 -4"><span class='ocrx_word' id='word_1_44' title='bbox 123 232 179 253; x_wconf 80' lang='lat' dir='ltr'><strong>tigerit</strong></span> <span class='ocrx_word' id='word_1_45' title='bbox 190 231 267 248; x_wconf 80' lang='lat' dir='ltr'><strong>volumus</strong></span> <span class='ocrx_word' id='word_1_46' title='bbox 278 235 317 248; x_wconf 81' lang='lat' dir='ltr'><strong>esse</strong></span> <span class='ocrx_word' id='word_1_47' title='bbox 328 232 394 253; x_wconf 72' lang='lat' dir='ltr'><strong>notum,</strong></span> <span class='ocrx_word' id='word_1_48' title='bbox 404 230 450 252; x_wconf 78' lang='lat' dir='ltr'><strong>quod</strong></span> <span class='ocrx_word' id='word_1_49' title='bbox 461 232 574 253; x_wconf 73' lang='lat' dir='ltr'><strong>recuperatam</strong></span> <span class='ocrx_word' id='word_1_50' title='bbox 587 235 617 253; x_wconf 80' lang='lat' dir='ltr'><strong>per</strong></span> <span class='ocrx_word' id='word_1_51' title='bbox 629 235 663 248; x_wconf 87' lang='lat' dir='ltr'><strong>nos</strong></span> <span class='ocrx_word' id='word_1_52' title='bbox 673 230 694 247; x_wconf 84' lang='lat' dir='ltr'><strong>ab</strong></span> 
     </span>
     <span class='ocr_line' id='line_1_8' title="bbox 123 255 694 277; baseline -0.002 -4"><span class='ocrx_word' id='word_1_53' title='bbox 123 256 233 273; x_wconf 80' lang='lat' dir='ltr'><strong>invictissimo</strong></span> <span class='ocrx_word' id='word_1_54' title='bbox 242 255 310 273; x_wconf 84' lang='lat' dir='ltr'><strong>domino</strong></span> <span class='ocrx_word' id='word_1_55' title='bbox 318 255 402 273; x_wconf 73' lang='lat' dir='ltr'><strong>Friderieo</strong></span> <span class='ocrx_word' id='word_1_56' title='bbox 412 255 523 273; x_wconf 85' lang='lat' dir='ltr'><strong>Romanorum</strong></span> <span class='ocrx_word' id='word_1_57' title='bbox 533 256 629 277; x_wconf 83' lang='lat' dir='ltr'><strong>imperatori</strong></span> <span class='ocrx_word' id='word_1_58' title='bbox 638 255 694 275; x_wconf 82' lang='lat' dir='ltr'><strong>advo-</strong></span> 
     </span>
     <span class='ocr_line' id='line_1_9' title="bbox 124 280 694 298; baseline 0 -1"><span class='ocrx_word' id='word_1_59' title='bbox 124 281 184 298; x_wconf 73' lang='lat' dir='ltr'><strong>catiam</strong></span> <span class='ocrx_word' id='word_1_60' title='bbox 196 281 214 297; x_wconf 88' lang='lat' dir='ltr'><strong>in</strong></span> <span class='ocrx_word' id='word_1_61' title='bbox 227 280 374 297; x_wconf 79' lang='lat' dir='ltr'><strong>Nonnenmunster</strong></span> <span class='ocrx_word' id='word_1_62' title='bbox 388 281 503 297; x_wconf 74' lang='lat' dir='ltr'><strong>concessimus</strong></span> <span class='ocrx_word' id='word_1_63' title='bbox 516 281 621 297; x_wconf 68' lang='lat' dir='ltr'><strong>universitati</strong></span> <span class='ocrx_word' id='word_1_64' title='bbox 633 281 694 297; x_wconf 83' lang='lat' dir='ltr'><strong>civium</strong></span> 
     </span>
     <span class='ocr_line' id='line_1_10' title="bbox 124 305 695 323; baseline 0 -1"><span class='ocrx_word' id='word_1_65' title='bbox 124 306 269 323; x_wconf 83' lang='lat' dir='ltr'><strong>Wormaeensium</strong></span> <span class='ocrx_word' id='word_1_66' title='bbox 281 305 378 322; x_wconf 88' lang='lat' dir='ltr'><strong>dilectorum</strong></span> <span class='ocrx_word' id='word_1_67' title='bbox 385 307 479 323; x_wconf 84' lang='lat' dir='ltr'><strong>nostrornm</strong></span> <span class='ocrx_word' id='word_1_68' title='bbox 488 305 534 322; x_wconf 82' lang='lat' dir='ltr'><strong>titulo</strong></span> <span class='ocrx_word' id='word_1_69' title='bbox 545 305 589 323; x_wconf 78' lang='lat' dir='ltr'><strong>feudi</strong></span> <span class='ocrx_word' id='word_1_70' title='bbox 601 310 638 322; x_wconf 84' lang='lat' dir='ltr'><strong>oum</strong></span> <span class='ocrx_word' id='word_1_71' title='bbox 649 305 695 323; x_wconf 88' lang='lat' dir='ltr'><strong>omni</strong></span> 
     </span>
     <span class='ocr_line' id='line_1_11' title="bbox 125 329 695 353; baseline 0 -6"><span class='ocrx_word' id='word_1_72' title='bbox 125 331 159 348; x_wconf 93' lang='lat' dir='ltr'><strong>iure</strong></span> <span class='ocrx_word' id='word_1_73' title='bbox 170 335 202 348; x_wconf 87' lang='lat' dir='ltr'><strong>suo</strong></span> <span class='ocrx_word' id='word_1_74' title='bbox 210 330 227 347; x_wconf 91' lang='lat' dir='ltr'><strong>in</strong></span> <span class='ocrx_word' id='word_1_75' title='bbox 237 332 334 353; x_wconf 84' lang='lat' dir='ltr'><strong>perpetuum</strong></span> <span class='ocrx_word' id='word_1_76' title='bbox 341 329 466 352; x_wconf 76' lang='lat' dir='ltr'><strong>possidendam,</strong></span> <span class='ocrx_word' id='word_1_77' title='bbox 477 330 575 347; x_wconf 85' lang='lat' dir='ltr'><strong>consulibus</strong></span> <span class='ocrx_word' id='word_1_78' title='bbox 581 330 652 348; x_wconf 71' lang='lat' dir='ltr'><strong>civitatis</strong></span> <span class='ocrx_word' id='word_1_79' title='bbox 658 335 695 348; x_wconf 87' lang='lat' dir='ltr'><strong>eam</strong></span> 
     </span>
     <span class='ocr_line' id='line_1_12' title="bbox 126 355 694 377; baseline 0 -5"><span class='ocrx_word' id='word_1_80' title='bbox 126 355 147 373; x_wconf 80' lang='lat' dir='ltr'><strong>de</strong></span> <span class='ocrx_word' id='word_1_81' title='bbox 159 360 208 372; x_wconf 88' lang='lat' dir='ltr'><strong>manu</strong></span> <span class='ocrx_word' id='word_1_82' title='bbox 218 357 276 372; x_wconf 81' lang='lat' dir='ltr'><strong>nostra</strong></span> <span class='ocrx_word' id='word_1_83' title='bbox 284 355 397 377; x_wconf 74' lang='lat' dir='ltr'><strong>suscipientes</strong></span> <span class='ocrx_word' id='word_1_84' title='bbox 404 355 420 372; x_wconf 90' lang='lat' dir='ltr'><strong>in</strong></span> <span class='ocrx_word' id='word_1_85' title='bbox 427 355 478 372; x_wconf 77' lang='lat' dir='ltr'><strong>feudo</strong></span> <span class='ocrx_word' id='word_1_86' title='bbox 488 355 556 372; x_wconf 83' lang='lat' dir='ltr'><strong>nomine</strong></span> <span class='ocrx_word' id='word_1_87' title='bbox 565 355 615 372; x_wconf 84' lang='lat' dir='ltr'><strong>totius</strong></span> <span class='ocrx_word' id='word_1_88' title='bbox 623 355 694 372; x_wconf 87' lang='lat' dir='ltr'><strong>uuiver-</strong></span> 
     </span>
     <span class='ocr_line' id='line_1_13' title="bbox 126 380 695 402; baseline 0 -5"><span class='ocrx_word' id='word_1_89' title='bbox 126 380 186 397; x_wconf 84' lang='lat' dir='ltr'><strong>sitatis.</strong></span> <span class='ocrx_word' id='word_1_90' title='bbox 194 380 215 397; x_wconf 92' lang='lat' dir='ltr'><strong>Ut</strong></span> <span class='ocrx_word' id='word_1_91' title='bbox 224 380 274 401; x_wconf 77' lang='lat' dir='ltr'><strong>igitur</strong></span> <span class='ocrx_word' id='word_1_92' title='bbox 286 380 317 397; x_wconf 78' lang='lat' dir='ltr'><strong>hec</strong></span> <span class='ocrx_word' id='word_1_93' title='bbox 325 382 382 397; x_wconf 82' lang='lat' dir='ltr'><strong>nostra</strong></span> <span class='ocrx_word' id='word_1_94' title='bbox 390 380 479 397; x_wconf 74' lang='lat' dir='ltr'><strong>concessio</strong></span> <span class='ocrx_word' id='word_1_95' title='bbox 488 380 538 397; x_wconf 84' lang='lat' dir='ltr'><strong>robur</strong></span> <span class='ocrx_word' id='word_1_96' title='bbox 546 380 621 397; x_wconf 83' lang='lat' dir='ltr'><strong>obtineat</strong></span> <span class='ocrx_word' id='word_1_97' title='bbox 630 384 695 402; x_wconf 82' lang='lat' dir='ltr'><strong>perpe-</strong></span> 
     </span>
     <span class='ocr_line' id='line_1_14' title="bbox 126 405 695 427; baseline 0.002 -6"><span class='ocrx_word' id='word_1_98' title='bbox 126 407 155 422; x_wconf 83' lang='lat' dir='ltr'><strong>tuo</strong></span> <span class='ocrx_word' id='word_1_99' title='bbox 167 405 263 427; x_wconf 82' lang='lat' dir='ltr'><strong>valiturum,</strong></span> <span class='ocrx_word' id='word_1_100' title='bbox 275 409 307 422; x_wconf 82' lang='lat' dir='ltr'><strong>nos</strong></span> <span class='ocrx_word' id='word_1_101' title='bbox 318 405 335 421; x_wconf 91' lang='lat' dir='ltr'><strong>in</strong></span> <span class='ocrx_word' id='word_1_102' title='bbox 348 405 384 422; x_wconf 83' lang='lat' dir='ltr'><strong>eius</strong></span> <span class='ocrx_word' id='word_1_103' title='bbox 395 405 506 422; x_wconf 84' lang='lat' dir='ltr'><strong>testimonium</strong></span> <span class='ocrx_word' id='word_1_104' title='bbox 517 406 534 422; x_wconf 83' lang='lat' dir='ltr'><strong>et</strong></span> <span class='ocrx_word' id='word_1_105' title='bbox 546 405 640 422; x_wconf 83' lang='lat' dir='ltr'><strong>memoriam</strong></span> <span class='ocrx_word' id='word_1_106' title='bbox 653 409 695 427; x_wconf 87' lang='lat' dir='ltr'><strong>pre—</strong></span> 
     </span>
     <span class='ocr_line' id='line_1_15' title="bbox 127 429 697 452; baseline -0.002 -5"><span class='ocrx_word' id='word_1_107' title='bbox 127 431 191 447; x_wconf 81' lang='lat' dir='ltr'><strong>sentem</strong></span> <span class='ocrx_word' id='word_1_108' title='bbox 200 430 278 452; x_wconf 78' lang='lat' dir='ltr'><strong>paginam</strong></span> <span class='ocrx_word' id='word_1_109' title='bbox 286 429 337 451; x_wconf 76' lang='lat' dir='ltr'><strong>sigilli</strong></span> <span class='ocrx_word' id='word_1_110' title='bbox 344 430 396 447; x_wconf 84' lang='lat' dir='ltr'><strong>nostri</strong></span> <span class='ocrx_word' id='word_1_111' title='bbox 406 430 496 446; x_wconf 77' lang='lat' dir='ltr'><strong>munimine</strong></span> <span class='ocrx_word' id='word_1_112' title='bbox 505 429 582 446; x_wconf 77' lang='lat' dir='ltr'><strong>duximus</strong></span> <span class='ocrx_word' id='word_1_113' title='bbox 590 430 697 451; x_wconf 75' lang='lat' dir='ltr'><strong>consignan-</strong></span> 
     </span>
     <span class='ocr_line' id='line_1_16' title="bbox 127 454 696 476; baseline 0 -5"><span class='ocrx_word' id='word_1_114' title='bbox 127 454 170 472; x_wconf 81' lang='lat' dir='ltr'><strong>dam.</strong></span> <span class='ocrx_word' id='word_1_115' title='bbox 184 454 227 472; x_wconf 76' lang='lat' dir='ltr'><strong>Aeta</strong></span> <span class='ocrx_word' id='word_1_116' title='bbox 235 456 274 471; x_wconf 90' lang='lat' dir='ltr'><strong>sunt</strong></span> <span class='ocrx_word' id='word_1_117' title='bbox 282 454 313 471; x_wconf 80' lang='lat' dir='ltr'><strong>heu</strong></span> <span class='ocrx_word' id='word_1_118' title='bbox 321 459 366 472; x_wconf 78' lang='lat' dir='ltr'><strong>anno</strong></span> <span class='ocrx_word' id='word_1_119' title='bbox 378 454 399 471; x_wconf 82' lang='lat' dir='ltr'><strong>ab</strong></span> <span class='ocrx_word' id='word_1_120' title='bbox 409 454 523 471; x_wconf 69' lang='lat' dir='ltr'><strong>incarnatione</strong></span> <span class='ocrx_word' id='word_1_121' title='bbox 532 454 594 471; x_wconf 85' lang='lat' dir='ltr'><strong>domini</strong></span> <span class='ocrx_word' id='word_1_122' title='bbox 604 454 696 476; x_wconf 74' lang='lat' dir='ltr'><strong>m.ec.xl.ii„</strong></span> 
     </span>
     <span class='ocr_line' id='line_1_17' title="bbox 127 479 567 501; baseline 0 -5"><span class='ocrx_word' id='word_1_123' title='bbox 127 480 144 496; x_wconf 88' lang='lat' dir='ltr'><strong>ln</strong></span> <span class='ocrx_word' id='word_1_124' title='bbox 151 479 280 496; x_wconf 73' lang='lat' dir='ltr'><strong>annunciatione</strong></span> <span class='ocrx_word' id='word_1_125' title='bbox 290 479 339 496; x_wconf 75' lang='lat' dir='ltr'><strong>beate</strong></span> <span class='ocrx_word' id='word_1_126' title='bbox 347 479 400 496; x_wconf 88' lang='lat' dir='ltr'><strong>Marie</strong></span> <span class='ocrx_word' id='word_1_127' title='bbox 410 479 479 501; x_wconf 78' lang='lat' dir='ltr'><strong>virginis</strong></span> <span class='ocrx_word' id='word_1_128' title='bbox 487 479 567 501; x_wconf 81' lang='lat' dir='ltr'><strong>gloriose.</strong></span> 
     </span>
    </p>
   </div>
   <div class='ocr_carea' id='block_1_4' title="bbox 134 530 696 592">
    <p class='ocr_par' dir='ltr' id='par_1_4' title="bbox 134 530 696 592">
     <span class='ocr_line' id='line_1_18' title="bbox 134 530 696 549; baseline -0.002 -1"><span class='ocrx_word' id='word_1_129' title='bbox 134 544 140 549; x_wconf 65' lang='grc'>,</span> <span class='ocrx_word' id='word_1_130' title='bbox 153 532 177 547; x_wconf 81' lang='lat'><strong>11</strong></span> <span class='ocrx_word' id='word_1_131' title='bbox 188 531 247 547; x_wconf 73' lang='lat' dir='ltr'><strong>cunrad</strong></span> <span class='ocrx_word' id='word_1_132' title='bbox 263 531 282 547; x_wconf 84' lang='lat' dir='ltr'><strong>IV</strong></span> <span class='ocrx_word' id='word_1_133' title='bbox 296 530 352 547; x_wconf 71' lang='lat' dir='ltr'><strong>befrelt</strong></span> <span class='ocrx_word' id='word_1_134' title='bbox 365 532 394 547; x_wconf 78' lang='lat' dir='ltr'><strong>auf</strong></span> <span class='ocrx_word' id='word_1_135' title='bbox 407 531 446 547; x_wconf 77' lang='lat' dir='ltr'><strong>bitte</strong></span> <span class='ocrx_word' id='word_1_136' title='bbox 460 531 488 548; x_wconf 82' lang='lat' dir='ltr'><strong>des</strong></span> <span class='ocrx_word' id='word_1_137' title='bbox 502 531 571 547; x_wconf 79' lang='lat' dir='ltr'><strong>bischofs</strong></span> <span class='ocrx_word' id='word_1_138' title='bbox 585 531 653 547; x_wconf 81' lang='lat' dir='ltr'><strong>Landoll&#39;</strong></span> <span class='ocrx_word' id='word_1_139' title='bbox 667 535 696 547; x_wconf 82' lang='lat' dir='ltr'><strong>von</strong></span> 
     </span>
     <span class='ocr_line' id='line_1_19' title="bbox 188 552 696 572; baseline 0.002 -5"><span class='ocrx_word' id='word_1_140' title='bbox 188 552 248 568; x_wconf 79' lang='lat' dir='ltr'><strong>Worms</strong></span> <span class='ocrx_word' id='word_1_141' title='bbox 259 552 283 567; x_wconf 82' lang='lat' dir='ltr'><strong>die</strong></span> <span class='ocrx_word' id='word_1_142' title='bbox 294 552 364 571; x_wconf 76' lang='lat' dir='ltr'><strong>dortlgen</strong></span> <span class='ocrx_word' id='word_1_143' title='bbox 376 552 431 571; x_wconf 75' lang='lat' dir='ltr'><strong>htirger</strong></span> <span class='ocrx_word' id='word_1_144' title='bbox 441 556 475 568; x_wconf 81' lang='lat' dir='ltr'><strong>vom</strong></span> <span class='ocrx_word' id='word_1_145' title='bbox 484 552 558 568; x_wconf 80' lang='lat' dir='ltr'><strong>rheiuzoll</strong></span> <span class='ocrx_word' id='word_1_146' title='bbox 566 552 591 568; x_wconf 81' lang='lat' dir='ltr'><strong>bei</strong></span> <span class='ocrx_word' id='word_1_147' title='bbox 597 552 696 572; x_wconf 77' lang='lat' dir='ltr'><strong>oppenheim</strong></span> 
     </span>
     <span class='ocr_line' id='line_1_20' title="bbox 189 572 494 592; baseline 0 -4"><span class='ocrx_word' id='word_1_148' title='bbox 189 573 210 588; x_wconf 78' lang='lat' dir='ltr'><strong>lnr</strong></span> <span class='ocrx_word' id='word_1_149' title='bbox 220 572 263 592; x_wconf 69' lang='lat' dir='ltr'><strong>inger</strong></span> <span class='ocrx_word' id='word_1_150' title='bbox 273 572 298 588; x_wconf 80' lang='lat' dir='ltr'><strong>bel</strong></span> <span class='ocrx_word' id='word_1_151' title='bbox 308 572 369 588; x_wconf 83' lang='lat' dir='ltr'><strong>Worins</strong></span> <span class='ocrx_word' id='word_1_152' title='bbox 381 573 420 588; x_wconf 73' lang='lat'><strong>1242</strong></span> <span class='ocrx_word' id='word_1_153' title='bbox 431 573 458 589; x_wconf 88' lang='lat' dir='ltr'><strong>lull</strong></span> <span class='ocrx_word' id='word_1_154' title='bbox 469 573 494 588; x_wconf 82' lang='lat'><strong>27.</strong></span> 
     </span>
    </p>
   </div>
   <div class='ocr_carea' id='block_1_5' title="bbox 127 606 699 1076">
    <p class='ocr_par' dir='ltr' id='par_1_5' title="bbox 127 606 698 976">
     <span class='ocr_line' id='line_1_21' title="bbox 165 606 697 630; baseline 0 -6"><span class='ocrx_word' id='word_1_155' title='bbox 165 607 258 630; x_wconf 68' lang='lat' dir='ltr'><strong>Conradns,</strong></span> <span class='ocrx_word' id='word_1_156' title='bbox 263 607 296 624; x_wconf 90' lang='lat' dir='ltr'><strong>divi</strong></span> <span class='ocrx_word' id='word_1_157' title='bbox 303 607 371 629; x_wconf 69' lang='lat' dir='ltr'><strong>angusti</strong></span> <span class='ocrx_word' id='word_1_158' title='bbox 375 607 479 629; x_wconf 77' lang='lat' dir='ltr'><strong>imperatoris</strong></span> <span class='ocrx_word' id='word_1_159' title='bbox 484 606 560 624; x_wconf 84' lang='lat' dir='ltr'><strong>Friderici</strong></span> <span class='ocrx_word' id='word_1_160' title='bbox 565 607 614 629; x_wconf 81' lang='lat' dir='ltr'><strong>lilius,</strong></span> <span class='ocrx_word' id='word_1_161' title='bbox 619 606 646 624; x_wconf 91' lang='lat' dir='ltr'><strong>dei</strong></span> <span class='ocrx_word' id='word_1_162' title='bbox 655 612 697 629; x_wconf 81' lang='lat' dir='ltr'><strong>gra-</strong></span> 
     </span>
     <span class='ocr_line' id='line_1_22' title="bbox 127 632 698 655; baseline 0 -6"><span class='ocrx_word' id='word_1_163' title='bbox 127 633 154 649; x_wconf 72' lang='lat' dir='ltr'><strong>cia</strong></span> <span class='ocrx_word' id='word_1_164' title='bbox 164 632 275 649; x_wconf 80' lang='lat' dir='ltr'><strong>Romanorum</strong></span> <span class='ocrx_word' id='word_1_165' title='bbox 284 633 301 649; x_wconf 83' lang='lat' dir='ltr'><strong>ln</strong></span> <span class='ocrx_word' id='word_1_166' title='bbox 310 636 367 654; x_wconf 82' lang='lat' dir='ltr'><strong>regern</strong></span> <span class='ocrx_word' id='word_1_167' title='bbox 377 632 441 649; x_wconf 78' lang='lat' dir='ltr'><strong>electus</strong></span> <span class='ocrx_word' id='word_1_168' title='bbox 447 645 451 655; x_wconf 88' lang='lat'><em>,</em></span> <span class='ocrx_word' id='word_1_169' title='bbox 462 636 528 654; x_wconf 77' lang='lat' dir='ltr'><strong>semper</strong></span> <span class='ocrx_word' id='word_1_170' title='bbox 537 633 625 654; x_wconf 80' lang='lat' dir='ltr'><strong>augustus,</strong></span> <span class='ocrx_word' id='word_1_171' title='bbox 638 636 660 649; x_wconf 83' lang='lat' dir='ltr'><strong>ac</strong></span> <span class='ocrx_word' id='word_1_172' title='bbox 667 632 698 650; x_wconf 89' lang='lat' dir='ltr'><strong>he-</strong></span> 
     </span>
     <span class='ocr_line' id='line_1_23' title="bbox 128 656 697 680; baseline 0 -6"><span class='ocrx_word' id='word_1_173' title='bbox 128 661 156 674; x_wconf 86' lang='lat' dir='ltr'><strong>res</strong></span> <span class='ocrx_word' id='word_1_174' title='bbox 164 656 212 679; x_wconf 76' lang='lat' dir='ltr'><strong>regul</strong></span> <span class='ocrx_word' id='word_1_175' title='bbox 219 657 318 674; x_wconf 77' lang='lat' dir='ltr'><strong>Jerusalem.</strong></span> <span class='ocrx_word' id='word_1_176' title='bbox 326 656 413 674; x_wconf 85' lang='lat' dir='ltr'><strong>Universis</strong></span> <span class='ocrx_word' id='word_1_177' title='bbox 420 657 484 679; x_wconf 85' lang='lat' dir='ltr'><strong>imperii</strong></span> <span class='ocrx_word' id='word_1_178' title='bbox 492 656 568 674; x_wconf 81' lang='lat' dir='ltr'><strong>fidelihus</strong></span> <span class='ocrx_word' id='word_1_179' title='bbox 577 658 651 674; x_wconf 79' lang='lat' dir='ltr'><strong>tenorem</strong></span> <span class='ocrx_word' id='word_1_180' title='bbox 657 662 697 680; x_wconf 87' lang='lat' dir='ltr'><strong>pre—</strong></span> 
     </span>
     <span class='ocr_line' id='line_1_24' title="bbox 129 681 697 704; baseline 0 -6"><span class='ocrx_word' id='word_1_181' title='bbox 129 682 200 699; x_wconf 79' lang='lat' dir='ltr'><strong>sentium</strong></span> <span class='ocrx_word' id='word_1_182' title='bbox 212 681 339 704; x_wconf 75' lang='lat' dir='ltr'><strong>inspicientibus</strong></span> <span class='ocrx_word' id='word_1_183' title='bbox 352 682 425 703; x_wconf 76' lang='lat' dir='ltr'><strong>graciam</strong></span> <span class='ocrx_word' id='word_1_184' title='bbox 437 686 484 699; x_wconf 83' lang='lat' dir='ltr'><strong>suam</strong></span> <span class='ocrx_word' id='word_1_185' title='bbox 498 683 514 698; x_wconf 82' lang='lat' dir='ltr'><strong>et</strong></span> <span class='ocrx_word' id='word_1_186' title='bbox 526 685 575 699; x_wconf 87' lang='lat' dir='ltr'><strong>omne</strong></span> <span class='ocrx_word' id='word_1_187' title='bbox 588 681 654 699; x_wconf 86' lang='lat' dir='ltr'><strong>bonum.</strong></span> <span class='ocrx_word' id='word_1_188' title='bbox 672 681 697 699; x_wconf 73' lang='lat' dir='ltr'><strong>Ad</strong></span> 
     </span>
     <span class='ocr_line' id='line_1_25' title="bbox 128 705 698 729; baseline 0 -6"><span class='ocrx_word' id='word_1_189' title='bbox 128 707 243 723; x_wconf 84' lang='lat' dir='ltr'><strong>universorum</strong></span> <span class='ocrx_word' id='word_1_190' title='bbox 253 707 330 723; x_wconf 74' lang='lat' dir='ltr'><strong>noticiam</strong></span> <span class='ocrx_word' id='word_1_191' title='bbox 340 706 416 723; x_wconf 84' lang='lat' dir='ltr'><strong>volumus</strong></span> <span class='ocrx_word' id='word_1_192' title='bbox 425 706 522 729; x_wconf 71' lang='lat' dir='ltr'><strong>pervenire,</strong></span> <span class='ocrx_word' id='word_1_193' title='bbox 536 705 581 728; x_wconf 84' lang='lat' dir='ltr'><strong>quod</strong></span> <span class='ocrx_word' id='word_1_194' title='bbox 591 706 698 724; x_wconf 78' lang='lat' dir='ltr'><strong>attendentes</strong></span> 
     </span>
     <span class='ocr_line' id='line_1_26' title="bbox 129 731 697 753; baseline 0 -5"><span class='ocrx_word' id='word_1_195' title='bbox 129 731 192 748; x_wconf 80' lang='lat' dir='ltr'><strong>devota</strong></span> <span class='ocrx_word' id='word_1_196' title='bbox 204 731 274 748; x_wconf 77' lang='lat' dir='ltr'><strong>servicia</strong></span> <span class='ocrx_word' id='word_1_197' title='bbox 288 731 387 748; x_wconf 76' lang='lat' dir='ltr'><strong>multociens</strong></span> <span class='ocrx_word' id='word_1_198' title='bbox 400 732 442 753; x_wconf 82' lang='lat' dir='ltr'><strong>patri</strong></span> <span class='ocrx_word' id='word_1_199' title='bbox 454 733 511 748; x_wconf 85' lang='lat' dir='ltr'><strong>nostro</strong></span> <span class='ocrx_word' id='word_1_200' title='bbox 525 732 541 748; x_wconf 93' lang='lat' dir='ltr'><strong>et</strong></span> <span class='ocrx_word' id='word_1_201' title='bbox 553 731 603 749; x_wconf 86' lang='lat' dir='ltr'><strong>nohis</strong></span> <span class='ocrx_word' id='word_1_202' title='bbox 612 736 642 753; x_wconf 90' lang='lat' dir='ltr'><strong>per</strong></span> <span class='ocrx_word' id='word_1_203' title='bbox 650 732 697 749; x_wconf 84' lang='lat' dir='ltr'><strong>cives</strong></span> 
     </span>
     <span class='ocr_line' id='line_1_27' title="bbox 129 755 698 778; baseline 0.002 -6"><span class='ocrx_word' id='word_1_204' title='bbox 129 755 264 773; x_wconf 78' lang='lat' dir='ltr'><strong>Wormatienses</strong></span> <span class='ocrx_word' id='word_1_205' title='bbox 276 755 334 773; x_wconf 77' lang='lat' dir='ltr'><strong>fideles</strong></span> <span class='ocrx_word' id='word_1_206' title='bbox 346 757 414 773; x_wconf 82' lang='lat' dir='ltr'><strong>nostros</strong></span> <span class='ocrx_word' id='word_1_207' title='bbox 427 756 508 778; x_wconf 77' lang='lat' dir='ltr'><strong>exhibita,</strong></span> <span class='ocrx_word' id='word_1_208' title='bbox 524 755 587 773; x_wconf 82' lang='lat' dir='ltr'><strong>eisdem</strong></span> <span class='ocrx_word' id='word_1_209' title='bbox 600 756 665 773; x_wconf 74' lang='lat' dir='ltr'><strong>civilius</strong></span> <span class='ocrx_word' id='word_1_210' title='bbox 678 756 698 773; x_wconf 85' lang='lat' dir='ltr'><strong>de</strong></span> 
     </span>
     <span class='ocr_line' id='line_1_28' title="bbox 129 780 698 804; baseline 0.002 -7"><span class='ocrx_word' id='word_1_211' title='bbox 129 780 233 803; x_wconf 79' lang='lat' dir='ltr'><strong>plenitudine</strong></span> <span class='ocrx_word' id='word_1_212' title='bbox 246 780 313 798; x_wconf 75' lang='lat' dir='ltr'><strong>consilii</strong></span> <span class='ocrx_word' id='word_1_213' title='bbox 326 781 386 803; x_wconf 77' lang='lat' dir='ltr'><strong>nostri,</strong></span> <span class='ocrx_word' id='word_1_214' title='bbox 400 781 421 798; x_wconf 84' lang='lat' dir='ltr'><strong>ad</strong></span> <span class='ocrx_word' id='word_1_215' title='bbox 433 785 493 803; x_wconf 85' lang='lat' dir='ltr'><strong>preces</strong></span> <span class='ocrx_word' id='word_1_216' title='bbox 507 780 607 798; x_wconf 80' lang='lat' dir='ltr'><strong>venerabilis</strong></span> <span class='ocrx_word' id='word_1_217' title='bbox 619 781 698 804; x_wconf 83' lang='lat' dir='ltr'><strong>principis</strong></span> 
     </span>
     <span class='ocr_line' id='line_1_29' title="bbox 130 805 698 828; baseline 0.002 -6"><span class='ocrx_word' id='word_1_218' title='bbox 130 805 148 823; x_wconf 88' lang='lat' dir='ltr'><strong>L.</strong></span> <span class='ocrx_word' id='word_1_219' title='bbox 159 805 287 823; x_wconf 82' lang='lat' dir='ltr'><strong>Wormatiensis</strong></span> <span class='ocrx_word' id='word_1_220' title='bbox 300 806 384 828; x_wconf 71' lang='lat' dir='ltr'><strong>episcopi,</strong></span> <span class='ocrx_word' id='word_1_221' title='bbox 397 805 451 823; x_wconf 80' lang='lat' dir='ltr'><strong>fidelis</strong></span> <span class='ocrx_word' id='word_1_222' title='bbox 461 806 522 828; x_wconf 83' lang='lat' dir='ltr'><strong>nostrl,</strong></span> <span class='ocrx_word' id='word_1_223' title='bbox 532 805 553 823; x_wconf 90' lang='lat' dir='ltr'><strong>de</strong></span> <span class='ocrx_word' id='word_1_224' title='bbox 563 805 631 828; x_wconf 79' lang='lat' dir='ltr'><strong>speciali</strong></span> <span class='ocrx_word' id='word_1_225' title='bbox 640 806 698 823; x_wconf 76' lang='lat' dir='ltr'><strong>lavore</strong></span> 
     </span>
     <span class='ocr_line' id='line_1_30' title="bbox 130 830 698 853; baseline 0 -6"><span class='ocrx_word' id='word_1_226' title='bbox 130 832 188 848; x_wconf 86' lang='lat' dir='ltr'><strong>nostre</strong></span> <span class='ocrx_word' id='word_1_227' title='bbox 203 830 260 852; x_wconf 77' lang='lat' dir='ltr'><strong>gracie</strong></span> <span class='ocrx_word' id='word_1_228' title='bbox 272 830 388 853; x_wconf 68' lang='lat' dir='ltr'><strong>indulgemus,</strong></span> <span class='ocrx_word' id='word_1_229' title='bbox 405 832 423 848; x_wconf 83' lang='lat' dir='ltr'><strong>ut</strong></span> <span class='ocrx_word' id='word_1_230' title='bbox 436 831 469 853; x_wconf 81' lang='lat' dir='ltr'><strong>ipsi</strong></span> <span class='ocrx_word' id='word_1_231' title='bbox 481 831 528 847; x_wconf 76' lang='lat' dir='ltr'><strong>cives</strong></span> <span class='ocrx_word' id='word_1_232' title='bbox 542 830 677 848; x_wconf 82' lang='lat' dir='ltr'><strong>Wormatienses</strong></span> <span class='ocrx_word' id='word_1_233' title='bbox 689 835 698 847; x_wconf 92' lang='lat' dir='ltr'><strong>a</strong></span> 
     </span>
     <span class='ocr_line' id='line_1_31' title="bbox 130 855 698 878; baseline 0 -6"><span class='ocrx_word' id='word_1_234' title='bbox 130 855 210 872; x_wconf 83' lang='lat' dir='ltr'><strong>theloneo</strong></span> <span class='ocrx_word' id='word_1_235' title='bbox 223 856 319 877; x_wconf 81' lang='lat' dir='ltr'><strong>nuncupato</strong></span> <span class='ocrx_word' id='word_1_236' title='bbox 332 856 423 877; x_wconf 80' lang='lat' dir='ltr'><strong>vulgariter</strong></span> <span class='ocrx_word' id='word_1_237' title='bbox 438 855 501 877; x_wconf 58' lang='lat' dir='ltr'><strong>mvelt,</strong></span> <span class='ocrx_word' id='word_1_238' title='bbox 514 855 560 877; x_wconf 84' lang='lat' dir='ltr'><strong>qnod</strong></span> <span class='ocrx_word' id='word_1_239' title='bbox 572 855 616 877; x_wconf 84' lang='lat' dir='ltr'><strong>apud</strong></span> <span class='ocrx_word' id='word_1_240' title='bbox 629 855 698 878; x_wconf 90' lang='lat' dir='ltr'><strong>Oppen-</strong></span> 
     </span>
     <span class='ocr_line' id='line_1_32' title="bbox 131 879 697 903; baseline 0 -6"><span class='ocrx_word' id='word_1_241' title='bbox 131 880 175 897; x_wconf 85' lang='lat' dir='ltr'><strong>heim</strong></span> <span class='ocrx_word' id='word_1_242' title='bbox 189 880 210 897; x_wconf 84' lang='lat' dir='ltr'><strong>ab</strong></span> <span class='ocrx_word' id='word_1_243' title='bbox 228 880 253 897; x_wconf 85' lang='lat' dir='ltr'><strong>eis</strong></span> <span class='ocrx_word' id='word_1_244' title='bbox 269 880 356 902; x_wconf 76' lang='lat' dir='ltr'><strong>hucusque</strong></span> <span class='ocrx_word' id='word_1_245' title='bbox 374 880 425 903; x_wconf 77' lang='lat' dir='ltr'><strong>recipi</strong></span> <span class='ocrx_word' id='word_1_246' title='bbox 441 880 507 897; x_wconf 82' lang='lat' dir='ltr'><strong>solebat</strong></span> <span class='ocrx_word' id='word_1_247' title='bbox 522 880 539 897; x_wconf 93' lang='lat' dir='ltr'><strong>in</strong></span> <span class='ocrx_word' id='word_1_248' title='bbox 554 879 608 902; x_wconf 79' lang='lat' dir='ltr'><strong>Reno,</strong></span> <span class='ocrx_word' id='word_1_249' title='bbox 628 881 662 897; x_wconf 82' lang='lat' dir='ltr'><strong>sint</strong></span> <span class='ocrx_word' id='word_1_250' title='bbox 678 880 697 897; x_wconf 88' lang='lat' dir='ltr'><strong>de</strong></span> 
     </span>
     <span class='ocr_line' id='line_1_33' title="bbox 132 904 698 927; baseline 0 -5"><span class='ocrx_word' id='word_1_251' title='bbox 132 906 189 922; x_wconf 83' lang='lat' dir='ltr'><strong>cetero</strong></span> <span class='ocrx_word' id='word_1_252' title='bbox 202 904 278 922; x_wconf 64' lang='lat' dir='ltr'><strong>absoluti⁴</strong></span> <span class='ocrx_word' id='word_1_253' title='bbox 293 904 327 922; x_wconf 86' lang='lat' dir='ltr'><strong>Sub</strong></span> <span class='ocrx_word' id='word_1_254' title='bbox 340 905 409 922; x_wconf 82' lang='lat' dir='ltr'><strong>obtentu</strong></span> <span class='ocrx_word' id='word_1_255' title='bbox 423 905 479 927; x_wconf 76' lang='lat' dir='ltr'><strong>gracie</strong></span> <span class='ocrx_word' id='word_1_256' title='bbox 492 904 552 927; x_wconf 75' lang='lat' dir='ltr'><strong>prelati</strong></span> <span class='ocrx_word' id='word_1_257' title='bbox 561 905 623 922; x_wconf 82' lang='lat' dir='ltr'><strong>domini</strong></span> <span class='ocrx_word' id='word_1_258' title='bbox 635 909 656 922; x_wconf 86' lang='lat' dir='ltr'><strong>ac</strong></span> <span class='ocrx_word' id='word_1_259' title='bbox 668 910 698 927; x_wconf 75' lang='lat' dir='ltr'><strong>pa-</strong></span> 
     </span>
     <span class='ocr_line' id='line_1_34' title="bbox 132 930 698 952; baseline 0.002 -6"><span class='ocrx_word' id='word_1_260' title='bbox 132 930 161 946; x_wconf 84' lang='lat' dir='ltr'><strong>tris</strong></span> <span class='ocrx_word' id='word_1_261' title='bbox 170 930 222 947; x_wconf 82' lang='lat' dir='ltr'><strong>nostri</strong></span> <span class='ocrx_word' id='word_1_262' title='bbox 236 931 253 947; x_wconf 80' lang='lat' dir='ltr'><strong>ot</strong></span> <span class='ocrx_word' id='word_1_263' title='bbox 261 931 317 947; x_wconf 88' lang='lat' dir='ltr'><strong>nostre</strong></span> <span class='ocrx_word' id='word_1_264' title='bbox 326 930 393 947; x_wconf 83' lang='lat' dir='ltr'><strong>tirmiter</strong></span> <span class='ocrx_word' id='word_1_265' title='bbox 402 930 505 952; x_wconf 74' lang='lat' dir='ltr'><strong>inhibentes,</strong></span> <span class='ocrx_word' id='word_1_266' title='bbox 518 934 540 947; x_wconf 91' lang='lat' dir='ltr'><strong>ne</strong></span> <span class='ocrx_word' id='word_1_267' title='bbox 549 930 587 952; x_wconf 85' lang='lat' dir='ltr'><strong>quis</strong></span> <span class='ocrx_word' id='word_1_268' title='bbox 596 930 633 947; x_wconf 85' lang='lat' dir='ltr'><strong>huic</strong></span> <span class='ocrx_word' id='word_1_269' title='bbox 643 930 698 952; x_wconf 75' lang='lat' dir='ltr'><strong>gracie</strong></span> 
     </span>
     <span class='ocr_line' id='line_1_35' title="bbox 132 956 242 976; baseline 0 -5"><span class='ocrx_word' id='word_1_270' title='bbox 132 959 151 971; x_wconf 89' lang='lat' dir='ltr'><strong>se</strong></span> <span class='ocrx_word' id='word_1_271' title='bbox 164 956 242 976; x_wconf 23' lang='lat' dir='ltr'><strong>opponat(</strong></span> 
     </span>
    </p>

    <p class='ocr_par' dir='ltr' id='par_1_6' title="bbox 133 978 699 1076">
     <span class='ocr_line' id='line_1_36' title="bbox 170 978 698 1002; baseline 0 -6"><span class='ocrx_word' id='word_1_272' title='bbox 170 979 230 996; x_wconf 82' lang='lat' dir='ltr'><strong>Testes</strong></span> <span class='ocrx_word' id='word_1_273' title='bbox 235 984 238 995; x_wconf 75' lang='grc' dir='ltr'>ε</span> <span class='ocrx_word' id='word_1_274' title='bbox 243 979 261 996; x_wconf 86' lang='lat' dir='ltr'><strong>L.</strong></span> <span class='ocrx_word' id='word_1_275' title='bbox 266 979 394 996; x_wconf 81' lang='lat' dir='ltr'><strong>Wormatiensis</strong></span> <span class='ocrx_word' id='word_1_276' title='bbox 400 980 496 1002; x_wconf 84' lang='lat' dir='ltr'><strong>episcopus.</strong></span> <span class='ocrx_word' id='word_1_277' title='bbox 504 979 617 1001; x_wconf 79' lang='lat' dir='ltr'><strong>Marcgravius</strong></span> <span class='ocrx_word' id='word_1_278' title='bbox 623 978 698 996; x_wconf 80' lang='lat' dir='ltr'><strong>del-lorn-</strong></span> 
     </span>
     <span class='ocr_line' id='line_1_37' title="bbox 133 1003 698 1027; baseline 0 -7"><span class='ocrx_word' id='word_1_279' title='bbox 133 1003 179 1025; x_wconf 78' lang='lat' dir='ltr'><strong>berg,</strong></span> <span class='ocrx_word' id='word_1_280' title='bbox 196 1003 214 1021; x_wconf 43' lang='lat' dir='ltr'><strong>G&lt;</strong></span> <span class='ocrx_word' id='word_1_281' title='bbox 224 1004 245 1021; x_wconf 84' lang='lat' dir='ltr'><strong>de</strong></span> <span class='ocrx_word' id='word_1_282' title='bbox 256 1003 355 1021; x_wconf 70' lang='lat' dir='ltr'><strong>Hohinloch,</strong></span> <span class='ocrx_word' id='word_1_283' title='bbox 373 1004 424 1021; x_wconf 77' lang='lat' dir='ltr'><strong>Crallt</strong></span> <span class='ocrx_word' id='word_1_284' title='bbox 435 1004 456 1021; x_wconf 88' lang='lat' dir='ltr'><strong>de</strong></span> <span class='ocrx_word' id='word_1_285' title='bbox 465 1004 559 1027; x_wconf 73' lang='lat' dir='ltr'><strong>Boxsperg.</strong></span> <span class='ocrx_word' id='word_1_286' title='bbox 572 1004 670 1021; x_wconf 79' lang='lat' dir='ltr'><strong>Wolveratli</strong></span> <span class='ocrx_word' id='word_1_287' title='bbox 679 1003 698 1021; x_wconf 88' lang='lat' dir='ltr'><strong>de</strong></span> 
     </span>
     <span class='ocr_line' id='line_1_38' title="bbox 134 1028 699 1052; baseline 0 -6"><span class='ocrx_word' id='word_1_288' title='bbox 134 1028 219 1046; x_wconf 85' lang='lat' dir='ltr'><strong>Cricheim.</strong></span> <span class='ocrx_word' id='word_1_289' title='bbox 236 1029 323 1046; x_wconf 86' lang='lat' dir='ltr'><strong>Conradus</strong></span> <span class='ocrx_word' id='word_1_290' title='bbox 337 1029 358 1046; x_wconf 88' lang='lat' dir='ltr'><strong>de</strong></span> <span class='ocrx_word' id='word_1_291' title='bbox 372 1029 459 1046; x_wconf 82' lang='lat' dir='ltr'><strong>Smideselt</strong></span> <span class='ocrx_word' id='word_1_292' title='bbox 468 1028 532 1052; x_wconf 75' lang='lat' dir='ltr'><strong>dapifer</strong></span> <span class='ocrx_word' id='word_1_293' title='bbox 541 1030 603 1046; x_wconf 86' lang='lat' dir='ltr'><strong>noster.</strong></span> <span class='ocrx_word' id='word_1_294' title='bbox 617 1029 699 1051; x_wconf 70' lang='lat' dir='ltr'><strong>Philippus</strong></span> 
     </span>
     <span class='ocr_line' id='line_1_39' title="bbox 134 1053 699 1076; baseline 0 -6"><span class='ocrx_word' id='word_1_295' title='bbox 134 1053 155 1071; x_wconf 84' lang='lat' dir='ltr'><strong>da</strong></span> <span class='ocrx_word' id='word_1_296' title='bbox 169 1053 262 1071; x_wconf 82' lang='lat' dir='ltr'><strong>Hohinfels.</strong></span> <span class='ocrx_word' id='word_1_297' title='bbox 279 1053 365 1076; x_wconf 80' lang='lat' dir='ltr'><strong>Philippus</strong></span> <span class='ocrx_word' id='word_1_298' title='bbox 378 1053 399 1071; x_wconf 78' lang='lat' dir='ltr'><strong>dc</strong></span> <span class='ocrx_word' id='word_1_299' title='bbox 414 1054 529 1071; x_wconf 78' lang='lat' dir='ltr'><strong>valkenstein.</strong></span> <span class='ocrx_word' id='word_1_300' title='bbox 547 1053 634 1071; x_wconf 84' lang='lat' dir='ltr'><strong>Conradus</strong></span> <span class='ocrx_word' id='word_1_301' title='bbox 648 1053 699 1071; x_wconf 82' lang='lat' dir='ltr'><strong>dictus</strong></span> 
     </span>
    </p>
   </div>
  </div>
 </body>
</html>
