738 1221
129 66 164 83 338
306 73 325 84 rx
335 72 418 84 conrnune
429 72 519 84 camunni.

87 111 121 125 ¹2⁰3
130 112 224 129 consensu,
237 109 254 124 et
266 107 364 124 invadentes
376 109 429 124 terras
442 107 556 124 marchionum
569 107 625 124 omnia
634 107 695 130 rapinis

127 132 209 150 incendiis
219 134 235 149 et
244 132 294 149 variis
304 132 425 149 calamitatibus
434 134 490 154 panes
499 131 537 149 illas
546 133 645 149 everterunt.

165 157 196 174 His
208 157 232 173 ita
244 157 314 179 patratis
326 161 355 174 rex
364 157 403 174 Otto
415 157 537 179 superveniens
552 161 589 173 curn
602 157 677 174 exercitu
686 162 695 174 a

128 182 191 199 eunctis
201 181 314 199 favorabiliter
318 182 413 204 suscipitur,
422 183 438 198 et
445 182 517 198 Boemus
524 181 605 198 fidelitate
613 182 696 204 promissa

128 207 149 224 ab
161 207 199 229 ipso
212 208 302 223 coronatur
315 208 331 223 et
344 207 361 223 in
374 206 418 223 sesto
431 207 484 223 sancti
497 206 611 223 Bartholomei
622 206 696 228 apostoli

129 231 176 254 [aug.
186 230 218 254 24]
233 236 242 248 a
255 231 330 248 Gnidona
344 231 416 248 ecclesie
426 231 499 248 Romane
511 231 568 252 legato
581 230 626 253 apud
639 231 695 248 Mars-

128 257 171 278 burg
184 257 200 273 in
213 260 270 278 regem
283 256 398 278 sollempniter
411 257 523 273 consecratur.
546 255 570 272 lhi
587 256 640 273 eciam
651 256 696 272 lant-

128 281 196 303 gravius
206 280 263 298 Ottoni
272 281 308 302 regi
317 280 412 298 fidelitatem
426 285 475 302 quain
483 280 547 303 pridem
557 280 619 297 fecerat
630 281 697 297 iteravit

129 308 146 323 et
155 305 265 328 confirmavit,
274 305 380 328 presentibus
390 305 466 323 omnibus
476 306 504 327 qui
516 307 556 322 tunc
567 305 638 322 aderant
650 306 697 327 prin-

129 330 199 353 cipibus

167 355 206 377 lpse
216 359 260 372 anno
269 357 343 372 mortuus
350 357 377 373 est
384 355 495 372 Herimannus
501 355 641 372 Monasteriensis
651 355 698 377 epis-

130 385 192 403 copus,
201 382 218 397 et
227 380 271 397 facta
280 382 307 397 est
315 380 400 397 dissensio
410 384 440 402 pro
449 380 537 397 electione.
553 380 594 397 Nam
606 380 672 402 priores
681 381 698 397 et

130 405 246 422 ministeriales
256 405 343 426 elegerunt
352 404 430 422 ottonem
443 405 510 422 maioris
519 404 592 422 ecclesie
601 405 697 422 Bremensis

130 430 241 452 prepositum3
256 430 326 447 comites
336 431 391 447 autem
400 431 417 446 et
425 429 472 446 liberi
481 429 556 451 ipsisque
566 429 657 447 attinentes
667 429 697 446 ab-

129 455 184 472 batem
193 454 214 471 de
222 454 276 471 Claolt
285 454 377 476 elegerunt.
394 454 442 471 Unde
454 455 533 471 continuo
546 454 656 476 episcopatus
671 454 698 471 di-

130 480 183 497 versis
193 479 313 496 calamitatibus
323 481 340 496 et
350 479 422 496 miseriis
430 479 548 501 pessundatur.

166 503 230 521 Eodem
235 505 287 521 eciam
294 508 338 521 anno
344 504 500 525 Constantinopolis
505 508 515 521 a
520 503 631 521 Constantino
635 508 698 525 magno

129 530 225 546 constructa
234 528 317 545 invaditur
325 530 342 545 et
351 529 419 551 capitur⁴
433 528 552 545 Constantinus
562 529 605 545 enirn
615 530 647 545 eto.

167 554 207 570 Item
219 554 256 575 ipse
270 558 314 570 anno
326 553 440 570 Theodericus
452 557 509 570 comes
519 553 606 570 Hellandie
622 553 697 576 moritur,

130 580 147 595 et
156 578 224 595 traditur
233 578 288 595 comiti
295 578 316 595 de
324 578 358 596 Los
367 578 454 600 provincia
462 582 499 595 cum
507 577 540 594 [ilia
549 582 585 594 sua.
598 577 648 598 Quod
658 583 698 600 gra-

130 604 171 620 vitet¹
184 602 240 620 serens
249 603 348 620 Wilhelmns
364 602 415 620 trater
429 603 473 625 eius,
491 603 599 624 congregatis
616 602 697 620 militibus

130 627 202 645 eundern
214 628 290 645 comitem
301 628 322 645 dc
331 627 420 645 Holiandia
429 627 492 649 expulit
505 629 521 645 et
531 627 579 644 filiam
591 627 646 644 fratris
657 628 698 645 abs-

130 653 171 670 tulit.

168 677 215 694 Circa
224 677 256 694 kal.
265 677 322 699 aprilis
331 677 378 694 visus
387 679 414 694 est
422 681 452 699 per
465 679 498 694 tres
507 678 566 694 noctes
576 677 620 698 ignis
630 676 697 694 discur-

131 707 167 719 rere
176 707 206 724 per
215 703 267 719 wtnrn
273 702 331 723 celum,
341 702 363 719 ita
372 703 390 719 nt
399 704 434 719 tnta
442 702 489 723 regio
499 702 519 719 ab
528 706 549 719 eo
558 702 684 719 illuminaretur.
693 700 697 710 ¹

167 726 217 744 Anno
226 726 288 743 domini
297 727 371 743 m.ce.iiii.
380 726 465 749 Philippus
474 731 504 744 rex
512 731 549 743 cum
558 727 631 743 exercitu
640 726 697 744 Saxo-

131 752 174 769 niam
183 752 250 768 intravit
254 764 259 773 J
273 753 290 768 ut
302 753 374 768 castrum
386 751 470 773 quoddam
482 752 548 768 nomine
557 751 697 772 Harlingiuberch

131 781 141 793 a
154 780 194 798 rege
207 776 270 793 Ottone
282 777 396 793 constructum
410 776 485 793 deiceret
501 778 518 793 et
529 776 576 793 cives
590 776 667 793 Goslnrie
676 776 698 793 de

131 801 241 823 oppressione
251 801 287 818 eius
296 802 313 818 et
322 800 387 818 fratrum
397 805 464 818 suornm
472 801 555 818 liberaret„
571 800 605 818 Sed
614 800 643 817 ubi
652 805 697 817 eun-

131 826 168 843 dem
177 826 193 842 in
203 825 240 843 forti
249 830 298 843 manu
307 826 339 842 sibi
348 830 434 843 occurrere
444 826 530 848 θοςῐιονῐι7
536 825 607 842 consilio
616 830 653 842 curn
663 825 698 842 suis

131 851 187 868 liabito
196 851 276 872 recessit,
290 851 343 867 satius
357 852 402 867 ratus
416 850 438 867 ad
450 852 515 872 ternpus
528 850 588 867 cedere
601 854 651 872 qmm
661 854 698 867 cum

130 876 180 893 hoste
189 875 231 892 male
240 879 321 897 pugnare.

168 900 215 918 Circa
228 900 282 922 ipsum
296 902 361 922 tempus
370 899 467 917 Thidericus
480 900 570 922 episcopus
583 899 697 917 Traiectensis

131 930 167 942 cum
179 925 254 942 exercitu
266 926 283 942 et
295 924 369 947 pluribus
381 924 465 942 nobilibus
474 924 578 942 Hollendiam
591 925 667 946 intravit,
680 925 697 941 et

131 950 233 972 provinciam
242 950 307 967 comitis
316 949 338 966 de
347 949 382 967 Los
391 954 448 967 rursus
457 949 557 971 subiugavit„
573 949 606 966 Sed
616 949 697 971 episeopo

131 975 225 996 recedente,
233 979 269 991 cum
278 974 321 992 idern
331 978 389 991 comes
398 979 434 991 curn
444 974 478 991 suis
487 974 504 991 in
513 974 584 996 quodam
594 973 656 996 oppido
665 978 697 990 no-

131 999 175 1016 mine
184 999 243 1016 Leidin
253 999 327 1021 degerety
337 999 410 1021 prelatus
419 999 519 1016 Wilnelmus
531 999 552 1016 de
565 999 650 1016 maritimis
658 1003 697 1021 par-

132 1024 176 1041 tibus
185 1026 269 1041 contracta
276 1024 378 1041 multitudine
387 1025 420 1041 tarn
426 1024 509 1046 pedestris
518 1028 567 1046 quam
575 1023 642 1040 navalis
648 1027 696 1040 exer-

149 1060 164 1076 ¹)
174 1059 219 1073 «neser
233 1062 261 1073 unz
273 1060 289 1073 m
301 1060 325 1073 mn
338 1059 440 1073 cur-enacmin
453 1064 475 1073 um
487 1059 510 1073 «ne
524 1059 561 1073 mitte
573 1059 598 1073 aa
610 1058 698 1072 dreizehmm

131 1076 174 1090 imi..
184 1076 252 1094 ...ger-751.
