738 1221
222 67 317 79 antistianus
327 67 425 79 ηοω-ων..
571 60 606 78 269

48 103 78 125 bus,
86 102 153 120 Romam
162 101 282 124 proficiscitur,
293 102 310 119 in
323 102 437 124 imperatorem
446 104 553 119 consecratur
561 106 606 119 anno

48 127 101 144 damini
113 131 187 144 meorxx.
201 127 222 144 ab
231 126 306 144 Honorio
318 131 366 149 papa.
383 126 420 147 Quo
432 128 506 149 mortno,
516 127 607 149 Gregorius

48 157 84 174 papa
92 151 173 169 suocedit.
190 151 221 169 Hie
230 152 280 168 etiam
289 151 389 168 Friderioum
400 152 554 169 excommunicavit.
571 151 607 169 Le-

48 179 94 194 tantur
102 176 197 199 predones,
211 176 286 193 exultant
294 176 361 193 lictores
371 178 420 198 capta
428 176 488 198 preda;
502 178 607 194 convertun-

47 203 68 218 tur
75 205 151 218 vomeres
160 201 177 218 in
187 200 263 223 gladios,
273 202 290 218 et
298 201 350 218 falces
359 201 376 218 in
383 201 451 218 lanceas
456 207 461 223 3
475 206 509 218 non
518 202 545 218 est
553 201 581 223 qui
590 202 607 218 in

47 226 90 243 latere
99 230 133 243 non
146 225 210 243 deierat
221 225 308 247 chalybem
321 227 338 243 et
353 225 426 248 lapidem
440 226 457 243 in
473 226 607 248 preparationem

47 250 111 268 ineendii
125 252 142 268 et
155 251 171 267 in
184 251 293 268 exustionem.
310 249 369 267 Omnia
379 250 421 267 mala
430 250 525 273 confluunt,
539 251 606 273 speeie-

48 276 79 293 liter
87 280 137 298 super
146 275 234 292 ecclesiam
243 275 390 297 Mnguntinensem
395 288 400 297 ,
409 277 426 292 et
434 276 505 292 maxime
514 276 558 293 circa
566 279 606 298 par-

49 302 69 318 tes
77 300 128 317 Rheni
138 300 159 317 de
168 300 234 317 civitate
244 299 320 322 Spirensi
328 304 382 322 usque
392 300 515 317 Coloniensem.
630 308 632 310 >

78 325 116 342 Post
123 326 193 342 mortem
202 325 264 342 domini
273 325 345 347 Siphridi
354 324 476 347 archiepiscopi
484 325 605 347 Maguntineu-
614 332 648 345 12³0

49 350 68 366 sis
80 350 159 372 senioris,
173 349 249 367 succedit
261 349 338 367 dominns
352 349 449 372 SiphriduS,
463 349 517 367 fratris
530 350 605 367 eiusdem
614 350 632 380 12Ι
632 365 649 379 49

49 374 89 391 iilius.
107 374 139 391 Hie
151 374 217 391 dnobus
230 375 279 391 annis
291 374 395 391 laudabiliter
406 374 452 391 vixit.
468 374 502 392 Sed
515 375 555 397 quia
567 375 606 392 eluti

49 399 96 416 cordis
105 401 141 416 erat
153 401 170 416 et
178 399 255 421 superbie
264 403 335 421 magne,
348 399 396 416 nimis
409 403 428 416 se
440 400 498 416 contra
506 399 606 417 Fridericum

49 424 156 446 imperatorem
168 424 228 446 erexit,
239 428 273 441 non
287 424 354 446 quidem
366 425 385 441 ut
393 423 474 446 divinam,
490 423 521 441 scd
529 424 606 447 papalem

49 449 109 470 gratiam
121 449 207 466 obtineret.
229 448 278 466 Gravi
294 449 355 466 etenim
368 448 436 465 infamia
447 453 482 465 non
498 449 551 466 solum
562 449 606 471 apud

49 478 109 495 papam,
122 473 153 491 sed
163 473 207 495 apud
217 477 275 490 omnes
285 473 360 491 homines
369 473 460 490 laborabat.
476 473 507 490 Hic
517 478 558 495 ergo
567 474 607 491 vnl-

51 499 78 515 tum
86 500 102 515 et
110 499 182 515 animum
190 498 245 515 leonis
254 498 337 520 induens,
350 498 378 515 leo
386 497 441 515 factus
450 499 485 520 est,
499 499 516 515 et
524 499 569 521 oepit
577 503 607 516 or-

49 522 105 544 phanos
114 524 131 540 et
140 523 199 540 viduas
204 522 265 544 faeere,
272 522 321 540 villas
326 522 428 545 comburere,
434 523 510 540 civitates
515 523 606 546 destruere,

49 547 115 565 homines
129 547 220 570 devorare,
234 549 293 565 terram
306 548 323 564 in
335 547 419 565 desertum
432 547 524 570 deducere,
538 549 555 565 et
563 552 606 570 pape

49 572 107 589 mirifice
117 572 227 594 eomplacere.
243 572 264 589 Et
273 572 312 594 qnia
321 573 353 589 iam
362 572 475 594 inquisitionis
484 572 540 590 literas
549 574 606 590 contra

49 597 138 620 episcopum
151 597 230 619 dederat,
243 601 264 614 ex
273 597 305 614 hiis
317 597 365 614 tactis
377 597 442 614 fratrem
451 597 563 615 venerabilem
575 602 606 620 ap—

49 622 118 643 pellabat.
130 622 162 639 Hie
169 621 256 644 Siphridus
265 622 356 644 episcopus
365 622 424 639 malum
434 626 478 644 opus
486 624 565 644 operatus
574 624 606 645 est,

49 647 72 668 qni
81 651 110 669 per
122 647 204 664 flammam
216 647 261 668 ignis
273 648 331 663 terram
343 646 471 669 depauperavit,
487 648 505 664 et
517 647 606 664 thesauros

48 671 111 689 ecclesie
121 671 187 689 ablatus
196 671 299 693 predonibus
308 671 396 694 dispersit,
409 671 456 688 dedit
463 671 561 693 raptoribus.
575 671 606 688 Ju-

48 696 89 713 sucin
101 697 138 713 eius
150 700 184 713 non
193 698 249 713 manet
257 696 274 713 in
286 696 360 713 seculum
369 696 426 713 seculi.
441 696 458 713 Is
467 696 522 718 itaque
531 696 606 718 lantgra-

47 720 84 738 vium
92 721 183 742 Thnringie
192 721 209 738 in
219 725 276 743 regem
285 721 325 742 eligi
334 721 430 743 procuravit
433 726 438 743 ς
451 720 482 738 sed
490 721 536 738 brevi
546 722 606 738 vivens

47 746 118 768 tempore,
129 747 146 763 et
154 750 225 767 regnum
234 747 251 763 et
260 746 330 762 animam
339 746 436 767 resignavit.

77 770 142 788 Interea
152 770 242 792 Gregorius
251 775 294 792 papa
303 770 379 793 moritur,
389 770 440 787 sedes
449 772 499 787 vacat
505 771 554 787 annis
562 770 605 788 duo-

49 793 74 811 bus
82 795 108 812 vel
117 795 176 812 trihus.
189 795 232 812 Huic
240 796 296 812 autem
304 799 348 817 papa
357 795 433 812 suoeedit
439 795 547 812 Innocentius
556 799 606 817 quar-

47 820 77 842 tus,
86 821 113 842 qui
125 820 143 837 in
155 820 227 837 concillo
236 819 345 841 Lugdunensi
357 821 415 837 eontra
424 819 523 837 Fridericum
533 820 605 842 impera-

47 844 91 861 torem
99 844 210 867 depositionis
222 845 321 861 sententiam
328 842 443 867 promulgavit.
456 844 523 862 Mortuo
530 844 606 866 lantgra—

47 868 69 885 vio
81 873 120 891 rege
136 869 236 886 Wilhelmus
253 873 309 887 comes
324 869 414 887 Holiandie
429 869 445 886 in
462 873 519 891 regern
534 869 605 891 eligitur,

47 894 101 911 tantum
110 894 131 911 ab
142 894 274 916 archiepiseopis
283 894 410 915 Maguntinensi
423 895 440 911 et
449 893 552 911 Coloniensi.
565 894 606 911 Post

48 917 90 936 breve
97 921 162 941 tempus
170 918 247 936 dominus
255 919 342 941 Siphridus
351 919 487 941 archiepiscopus
497 919 547 936 etiam
555 919 605 936 rebus

48 943 117 961 valedicit
125 944 202 961 humanis
211 943 229 966 [ί
233 944 269 961 249
278 945 322 961 marz
332 943 370 967 19],
378 944 437 961 abiens
444 944 461 960 in
470 944 557 965 regionem
567 944 605 961 lon-

49 967 118 989 ginquam
125 967 136 985 ¹.
149 968 185 985 Nec
193 970 247 985 tamen
255 968 294 985 ideo
302 970 370 986 cessant
378 968 424 985 mala.

78 992 194 1010 Convenerunt
203 997 243 1015 ergo
251 993 310 1010 fratr-es
315 993 386 1010 ecclesie
390 993 525 1015 Maguntinensis
532 995 606 1011 tractan-

50 1017 70 1033 tes
81 1017 100 1034 de
110 1019 158 1040 patre
169 1018 234 1040 futuro,
248 1018 325 1040 persuasi
336 1018 364 1040 qui
375 1019 435 1040 posset
446 1018 499 1040 ipsam
511 1019 535 1035 tot
546 1020 563 1035 et
573 1020 605 1035 tam

51 1042 117 1061 gravibus
127 1047 225 1065 oppressam
235 1043 316 1065 miseriis,
328 1044 345 1060 et
352 1044 399 1060 tanto
409 1044 482 1065 ternpore
493 1043 526 1060 iam
537 1043 605 1065 ploran-

63 1068 75 1085 1)
83 1069 172 1084 eufemistiuh
181 1072 213 1084 nrm
221 1074 246 1083 zur
254 1069 296 1084 holte.
