738 1221
230 73 320 85 annuatis
331 74 425 86 tanausis.
577 67 610 84 521

44 110 82 125 sata
95 108 150 125 omnia
162 109 259 125 arescerent
271 109 287 125 et
300 113 321 125 ex
333 108 366 126 hoc'
373 108 426 125 sames
436 109 505 126 maxima
514 110 542 125 est
550 110 612 126 secuta
622 111 655 125 ma

46 132 124 150 Attamen
137 134 192 150 viuum
204 133 220 149 in
233 132 350 150 habundancia
363 135 419 150 natum
432 133 465 150 suit.
481 133 572 150 Ludwicus
585 138 613 150 rex

45 158 113 175 Francia
127 162 163 175 curn
175 157 253 174 Julianue
265 157 298 175 tilio
306 162 339 175 sno
349 160 388 175 tunc
397 158 438 175 obiit
447 158 463 175 in
472 158 547 180 partibus
556 160 613 175 trans-

46 183 124 205 marinis,
137 183 232 204 relinquens
247 182 296 199 filiurn
306 187 353 199 snum
363 183 454 205 Philippum
464 183 512 205 regni
521 187 613 200 successo-

46 212 85 225 rem.
93 207 188 230 Stephanus
197 211 226 224 rex
235 207 307 229 Ungaric
317 208 361 225 circa
370 207 429 225 festum
436 208 491 225 sanati
499 208 562 225 Thoma
568 212 613 230 apo—

46 233 84 249 stoli
92 231 139 255 [dac.
148 231 181 255 21]
190 232 241 249 misso
250 232 323 249 exercitu
330 232 346 249 in
356 231 439 249 Austriam
449 237 459 249 a
468 234 514 255 parta
523 232 613 249 meridiana

45 257 117 274 Danubii
127 257 170 274 illam
180 257 282 279 provinciam
290 256 393 279 devastavit,
403 257 464 274 occisis
474 259 490 274 et
498 258 514 274 in
524 257 613 279 captivita-

30 308 32 310 ,
45 284 78 299 tem
87 281 164 299 abductis
173 281 212 304 plus
221 286 270 303 quarn
280 281 393 304 septendecim
402 282 467 299 milibus
476 282 565 299 hominurn.

82 306 133 324 Anno
142 306 163 323 ab
171 306 286 323 incarnatione
295 306 356 323 domini
365 306 524 324 m.cc.lxx.i.0talrer
532 311 561 324 rex
567 307 613 324 Boe-

45 332 86 353 mie,
95 333 200 353 congregato
210 331 266 349 valido
276 331 359 353 exercitu,
369 331 410 348 inira
420 333 496 348 octavam
505 336 556 353 pasce
564 331 613 348 inva-

45 357 66 373 sit
74 356 169 377 Ungariam*
179 356 199 373 Et
207 355 277 373 devietis
285 356 399 373 munitissimis
407 356 472 378 castris,
478 356 556 373 videficet
564 356 614 373 Pres-

45 381 97 403 purnh
107 382 124 397 et
133 380 235 398 Altenbureh
245 382 262 398 et
270 380 320 397 'l'irna
329 382 345 398 et
354 382 409 398 castro
418 381 472 398 sanati
478 381 539 403 Georii,
548 385 568 398 ac
576 381 613 397 aliis

45 405 120 428 pluribus
133 405 255 422 municionibus
265 406 318 428 enptis
330 407 347 422 et
356 405 435 428 devietis,
445 406 489 422 eirca
499 405 559 422 tastum
568 410 613 428 pcn-

45 432 120 448 tecostes
130 429 171 453 [mai
181 429 213 453 24]
222 432 289 452 propter
298 430 442 452 consumptionem
451 430 546 447 victualium
553 430 613 447 reverti

45 455 111 477 cogitur
118 455 134 472 in
145 455 229 472 Boeminm
238 455 312 472 exercitu
322 455 402 472 relaxato.
415 455 511 477 Stephanus
522 456 577 472 autem
584 459 613 472 rex

45 480 127 502 Urrgarie7
137 480 193 496 missis
202 480 218 496 in
227 479 318 497 Moraviam
328 480 365 497 etin
373 479 457 497 Austriam
464 480 536 501 Ungaris
548 481 564 497 et
577 479 613 497 Co-

46 505 108 527 manis,
117 509 147 527 per
155 504 232 521 incendia
246 507 262 521 et
275 505 341 526 rapinas
354 506 371 521 et
383 505 442 521 multas
453 506 520 526 strages
529 504 612 521 bominum

45 530 115 552 plurima
126 529 169 546 mala
182 530 240 550 gessit.
257 529 331 546 Tandem
344 530 387 546 circa
399 529 488 546 solstitium
499 529 571 546 extivale
584 534 614 551 per

45 555 136 576 episcopos
148 555 166 571 et
177 554 268 576 religiosos
280 555 324 571 viros
336 554 384 571 deum
395 554 472 571 timentes
480 554 502 571 ad
511 554 613 576 inopinatam

45 581 61 596 et
74 579 146 596 subitam
159 579 206 601 pacis
218 578 324 596 concordiam
338 579 426 596 redierunt.
444 579 514 596 Domina
528 578 613 595 lliznbeth

44 604 115 621 ducissa
125 604 200 621 Bawarie
208 604 274 626 peperit
282 603 332 621 tilium
341 604 352 620 ii
361 604 399 621 idus
408 604 464 621 marcii
474 602 527 626 [marz
537 603 575 626 tlt]‚
584 603 612 625 qni

46 629 141 651 baptizatus
149 629 170 645 ab
180 628 275 645 Hermanno
284 628 344 645 abbate
356 628 448 646 Altalrense
457 630 528 645 vocatus
537 630 563 645 est
572 628 613 645 Ste-

46 654 117 676 phanus.
134 653 172 675 ipsa
183 658 224 670 vero
237 653 304 671 ducissa
317 654 333 670 in
347 653 462 675 subsequente
476 655 565 675 autumpno
579 653 613 670 viiii

46 678 128 695 liniendas
139 678 233 695 novembris
245 677 297 700 [sept.
308 677 341 701 24]
351 678 394 695 diem
404 678 464 695 clausit
472 679 567 695 extremam
576 677 612 698 Qne

46 708 82 720 cnm
93 705 141 720 esset
148 703 208 720 semina
218 703 292 720 virtuosa
301 704 317 720 ct
327 703 371 720 omni
383 702 456 720 bonitate
467 702 550 724 preelara,
559 704 612 719 morte

45 732 76 745 sun
85 728 116 745 toti
125 728 210 750 provincio
223 727 361 745 inconsolabilem
370 728 431 744 luctum
439 727 481 744 iecit.
495 727 571 744 Castrum
580 731 612 744 nu-

46 753 143 770 bilissimum
157 754 174 769 et
186 752 292 770 fortissimum
304 752 365 769 dictum
379 752 512 769 Starclienberch
525 752 541 769 in
555 753 612 769 trans-

46 778 113 794 marinis
125 777 199 799 partibus
213 777 300 794 Snrraceni
314 779 398 799 occupant
411 779 428 794 et
440 778 542 799 expugnant.-
563 776 612 797 Quod

45 803 170 824 comparaverat
176 802 272 824 Leupoldus
281 802 338 819 senior
344 801 378 819 dux
387 801 459 819 Austrie.

81 826 132 844 Anno
145 827 166 844 ab
178 827 292 844 incarnatione
305 826 367 843 domini
383 830 429 843 mcc.
445 826 570 848 septuagesimo
583 830 612 843 se-

44 851 100 869 cundo
113 851 190 869 domiuus
202 851 297 869 Thehaldus
312 851 445 873 archidyaconus
458 851 568 872 Leodiensisy
580 851 612 868 iarn

45 877 94 899 priori
104 878 157 893 estate
166 881 196 898 per
205 877 273 893 sormam
282 876 396 898 compromissi
405 876 421 893 in
431 880 511 893 summum
518 875 611 898 pontificem

45 902 120 924 electus,
130 906 166 918 oum
175 902 250 923 glorioso
260 903 339 923 apparatu
351 902 368 918 in
382 900 510 923 quadragesima
523 901 571 917 intrat
582 905 612 917 ur-

44 926 91 948 bem,
107 928 124 943 et
136 926 158 943 ibi
171 927 187 943 in
197 926 269 943 ecclesia
282 926 335 942 sancti
344 926 387 943 Petri
396 927 505 943 consecratus
515 925 612 946 Gregorinm

44 951 127 968 decimum
136 955 155 968 se
164 951 241 973 appellat.
256 950 351 972 Stephanus
360 955 389 967 rex
396 950 469 971 Ungarie
478 950 522 967 circa
531 949 612 966 kalendas

44 976 113 998 augusti
122 976 197 997 moritur,
206 975 303 997 relinquens
312 975 355 992 duos
366 975 409 992 illins
418 979 537 997 successores,
553 975 570 991 et
578 974 612 991 Ln-

44 1000 110 1018 dizlaus
118 1000 238 1023 primogenitus
247 1000 299 1022 ipsius
309 1000 363 1017 statim
373 1000 390 1017 in
400 1000 447 1021 regni
460 999 503 1017 solio
516 999 612 1016 collocatur.

44 1025 61 1042 In
71 1025 150 1047 sequenti
163 1025 211 1042 etiam
223 1027 321 1047 nnttumpno
331 1027 377 1042 tanta
386 1024 472 1042 inundatio
484 1024 540 1047 pluvie
554 1024 612 1046 erupit,

44 1052 61 1067 ut
70 1050 134 1073 parvuli
144 1050 173 1067 rivi
183 1050 199 1069 in
209 1052 241 1067 [am
250 1054 310 1071 magna
321 1050 387 1067 {lumina
394 1049 449 1067 subito
459 1051 581 1071 excrescerent,
595 1050 612 1065 nt

44 1076 107 1093 evulsis
116 1075 193 1092 domibus
203 1075 258 1092 multis
268 1075 284 1091 in
293 1074 409 1091 submersione
418 1079 502 1097 pecorum,
512 1074 612 1091 abductione
