738 1221
121 57 158 75 2⁵8
302 64 399 76 cri-murus
409 64 504 76 mummia

121 99 161 117 teris
172 98 229 117 emis
241 98 329 116 ambiebat.
346 98 365 116 ln
377 98 431 116 fronte
442 98 492 116 huius
504 103 572 122 aoerre,
586 100 626 122 qun
638 101 687 122 eaput

120 123 193 141 hahebat
206 123 259 141 simile
273 124 323 141 vermi
334 125 438 146 monstroso,
451 125 487 141 erat
499 124 541 146 lapis
552 125 629 147 topazius
639 124 687 142 valde

120 149 216 171 preciosus,
225 148 356 170 magnitudinem
364 148 428 166 habens
437 148 499 166 dimidii
510 149 561 166 vitelli
570 150 606 171 ovi;
616 150 634 166 in
644 154 686 167 ocu-

120 174 142 191 lis
156 173 230 191 eiusdem
248 177 304 191 aoerre
320 173 353 190 duo
366 173 429 196 robini,
442 178 485 195 quos
497 173 608 191 carbunculos
621 175 687 191 vocant.

121 198 182 216 Adhuc
191 198 249 215 eadem
258 202 314 215 acerra
325 198 395 215 habetur
404 198 440 220 hie,
450 198 481 215 sed
492 203 558 220 gemme
567 203 606 216 non.

159 223 200 240 item
211 224 258 240 erant
269 222 302 240 due
316 227 367 245 grues
380 224 461 244 argentee
473 227 556 246 cono-ave,
565 228 598 245 que
610 223 688 241 solebam

121 248 161 271 poni
172 248 218 265 iuxta
226 247 278 265 altare
287 247 325 265 binc
334 249 351 265 et
359 247 407 270 hine,
417 249 434 265 et
443 247 495 265 dorso
507 248 594 271 patebant,
607 249 688 271 impositis

121 272 223 290 earbonihus
231 274 248 289 et
256 272 303 289 thure
313 272 340 289 vel
350 272 455 295 thymiamate
465 272 504 290 boni
516 273 574 290 odoris
587 273 649 290 sumum
661 278 689 295 per

122 299 188 320 guttura
193 299 210 315 et
215 298 269 314 rostra
274 297 377 315 emittebant.
390 297 441 316 Erant
447 299 502 315 autem
509 302 560 320 grues
568 299 612 315 tante
623 298 688 320 magni-

121 322 183 340 tudinis
192 322 239 339 euius
248 322 291 339 vive.

158 347 210 365 Erant
222 346 258 364 libri
272 347 300 369 qui
311 351 341 369 pro
351 348 411 364 ornatu
422 352 472 370 super
482 347 535 365 altare
543 347 659 370 ponebantur,
671 349 689 364 ut

122 372 248 394 evangeliorum
261 371 368 394 epistolarum
382 372 493 394 plenariorum
512 373 553 395 ete,
568 372 621 394 aliqui
633 372 688 390 vestiti

122 397 173 415 ebore
182 397 257 419 sculpto,
268 397 295 414 alii
305 398 385 419 argento,
394 397 422 414 alii
430 401 470 414 auro
479 398 496 414 et
506 397 582 419 gemmis¹

158 421 209 439 Erant
217 421 277 444 pelves
286 423 357 443 quatuor
367 423 452 444 argentee,
462 423 479 438 et
487 422 533 439 nroei
542 422 646 439 diversarum
655 421 688 439 sor-

122 451 192 469 marum,
204 450 248 468 quos
261 446 328 463 munilia
342 448 413 469 vocant,
428 451 449 463 eo
463 446 509 468 quod
525 451 569 469 aqua
581 446 688 464 sacerdotum

97 469 100 470 ⁷
122 471 198 488 manibus
206 471 302 488 funderetur
310 475 331 488 ex
339 471 370 494 eis,
379 472 476 493 argenteam
483 471 555 494 quedam
563 471 647 489 babentes
654 471 687 489 for-

122 501 164 513 mam
172 496 248 518 leonum,
257 495 328 518 quedam
338 495 429 513 draconum
439 496 494 513 avium
503 496 530 513 vel
542 496 650 519 gryphonum
662 496 687 513 vel

122 521 191 538 aliorum
201 520 294 537 animalium
304 525 445 543 quorumeunque.

158 545 210 563 Erant
218 545 318 562 candelabra
329 550 391 567 magna
398 545 431 563 duo
441 550 474 568 que
483 546 530 563 iuxta
538 545 589 563 altare
600 545 688 567 poneban-

122 572 148 587 tur
157 572 248 593 argentea,
260 571 276 587 et
289 570 321 587 alia
333 570 397 587 minora
409 575 442 592 que
453 575 504 592 super
515 570 567 587 altare
577 570 688 593 ponebantur,

123 595 183 618 quibus
197 596 232 612 rote
244 594 383 617 supponebantur
391 595 425 612 late
434 597 502 618 propter
513 595 597 612 stillieidia
607 595 687 613 oandela-

122 625 165 643 rum,
174 620 233 637 neseio
242 621 288 642 quot.

159 645 198 662 Erat
208 649 270 662 corona
282 649 343 666 magua
351 644 428 667 pendens
439 645 456 662 in
469 644 520 662 choro
532 644 553 662 ad
565 644 688 662 similitudinem

123 670 159 687 eius
168 674 200 692 que
208 669 263 687 adhue
272 669 336 692 pendet
344 669 365 687 ad
374 671 450 687 sanetum
458 668 549 692 Albanum,
558 671 575 687 et
582 674 616 687 una
624 670 642 686 in
652 674 688 686 me-

123 694 151 712 dio
162 694 227 717 templi,
236 696 287 716 atque
296 694 329 711 alie
338 696 372 712 tres
380 695 453 712 minores
464 696 503 711 ante
513 694 565 711 altare
574 694 629 712 saneti
641 694 687 712 Mar-

123 719 160 742 tini,
170 723 228 736 omnes
239 724 260 736 ex
271 721 341 741 argento
350 719 448 741 diligentius
456 718 540 736 fabricate.

159 744 211 761 Erant
225 748 283 761 eruces
298 745 379 765 argentee
392 744 491 766 perutiles,
506 744 545 761 mire
557 743 688 766 pulchritudinis,

124 773 193 791 quarum
204 768 237 786 due
245 769 262 785 in
269 768 338 791 palmis,
347 768 380 786 due
388 769 405 786 in
416 768 506 791 paschate,
515 768 548 785 due
559 769 576 785 in
584 768 688 786 hebdomada

123 793 196 816 pasche,
205 793 238 811 due
246 793 263 810 in
272 793 397 816 rogationibus,
406 793 439 811 due
448 794 465 810 in
476 793 503 810 die
512 793 618 810 ascensionis
626 793 687 810 domini

123 818 227 840 ferebantur5
237 818 295 835 decem
306 823 337 841 per
348 820 404 835 totum.
418 818 458 835 Erat
467 820 484 835 et
496 822 529 835 una
543 822 584 835 crux
595 819 641 835 tante
651 818 688 836 lon-

124 843 212 865 gitudinis,
222 845 240 860 ut
247 845 298 861 totum
308 843 392 860 braohium
401 843 457 865 magni
466 843 505 865 viri7
513 843 531 860 in
538 847 571 865 qua
579 844 627 860 erant
637 847 688 860 sano-

124 870 177 885 torum
186 868 256 890 reliquie
264 868 313 885 multe
322 870 339 885 el
346 872 412 890 magne.
425 867 444 885 In
453 867 508 885 medio
516 872 555 885 vero
563 860 661 885 tontinehat
667 867 687 885 de

124 893 170 915 ligno
177 893 260 910 dominice
268 893 323 910 crucis
332 893 353 910 ad
361 893 470 915 quantitatem
478 892 530 915 digiti,
539 892 561 909 ad
567 892 687 914 longitudInem

124 922 165 935 vero
172 918 226 940 palme
237 918 294 935 virilis.
308 918 372 935 Vestitu
380 919 414 935 erat
425 917 457 935 hee
469 922 509 935 orux
520 922 561 934 auro
569 918 663 940 purissimo,
672 918 688 934 et

125 943 195 964 gemmis
203 943 285 964 preciosis
294 944 311 960 et
319 943 379 960 multis.
388 942 427 960 Erat
435 944 452 960 et
458 943 490 960 alia
498 947 537 959 crux
544 942 601 964 lignea
610 946 650 959 auro
658 946 687 964 op-

124 968 164 984 timo
173 968 242 990 νιὲειίῑθι7
251 968 268 985 in
277 972 310 989 qua
322 968 378 989 imago
388 969 423 984 erat
431 972 481 984 aurea
491 967 552 984 domiui
561 967 644 989 crucifixi,
657 971 687 989 que

124 993 180 1014 imago
190 992 279 1009 cuiuslibet
291 993 383 1010 communis
398 992 469 1010 hominis
478 992 608 1014 magnitudinem
617 991 688 1009 excede-

125 1017 162 1039 bat,
176 1021 251 1034 concava
264 1017 294 1034 sed
304 1017 372 1034 multum
385 1017 449 1039 spissa,
461 1017 509 1034 ouius
518 1018 578 1034 venter
586 1016 646 1039 plenus
655 1017 688 1034 erat

126 1042 199 1064 reliquiis
209 1043 225 1059 et
234 1042 303 1063 gemmis
312 1042 447 1064 preciosissimis.
456 1041 547 1059 Dicebatur
556 1043 611 1058 autem
620 1046 652 1058 nee
656 1041 688 1058 llo-

126 1071 191 1084 manum
200 1067 286 1089 imperium
295 1067 372 1084 meliores
381 1066 448 1084 habere.
456 1066 493 1084 Hee
500 1071 541 1084 crux
548 1067 614 1089 poterat
620 1065 688 1084 dissolvi
