738 1221
132 59 166 77 ¹92
321 65 385 77 Annus
396 65 513 77 woanmnm

91 103 124 118 1²⁵8
132 102 150 118 et
158 100 222 123 Spiram
231 104 284 122 prope
292 100 347 117 villam
356 99 435 117 Mudach.
455 99 491 117 fleo
499 99 615 117 reconciliatio
624 100 701 118 constitit

130 126 177 143 cives
186 125 273 147 octoginta
281 129 351 142 marcas.

166 150 216 167 Anno
225 149 316 167 rn.cc.l.viii.
324 149 426 171 temporibus
435 149 527 166 Eberhardi
533 149 614 172 episcopi,
623 149 654 167 soit.
659 149 699 167 Hir-

131 176 179 192 sutns
188 179 246 192 comes
255 174 277 192 de
285 174 396 196 Beyenburg,
410 176 427 191 et.
439 176 478 191 ante
491 174 530 196 plus
539 178 588 196 quarn
597 175 656 196 viginti
665 179 700 192 an-

130 200 157 217 nis
166 199 252 221 ungeitum
261 199 278 216 in
287 199 354 216 civitate
362 199 394 216 fuit
402 203 480 216 mensura
484 199 552 221 vinipro
558 200 604 221 parte
613 199 700 222 diminuta7

131 225 152 242 de
166 224 227 246 quihus
240 223 348 246 proventibus
360 224 432 240 civitatis
445 228 502 240 murus
513 225 530 240 et
542 225 596 241 turres
609 226 700 241 construe-

131 249 200 271 bantur,
213 248 269 266 debita
281 249 403 265 communitatis
415 250 433 265 et
441 248 540 266 necessaria
547 248 665 271 solvebantur,
677 248 700 266 de

131 278 165 296 quo
175 274 230 291 clerus
240 273 304 290 civibus
313 273 380 290 multum
389 272 479 290 invidebat,

169 298 233 316 Rursus
242 298 263 315 de
272 298 336 315 Jacobo
346 298 401 315 milite.
418 297 468 315 Anno
476 297 561 315 mcclvii,
570 297 613 315 idem
622 298 700 315 Jacobus

131 323 178 341 miles
188 325 253 340 mortuo
261 322 331 340 Albcrto
344 322 394 340 fratre
406 327 437 340 auo
450 324 518 340 cantore
528 322 647 340 wormatiensi
656 327 700 345 pos-

132 348 177 365 sedit
186 348 248 365 curiam
257 348 311 370 ipsius
320 352 372 370 prope
382 347 550 365 sanctumAndreamr
560 347 580 365 Et
589 347 620 365 sub
629 347 700 365 domino

131 372 214 390 Richardo
223 373 304 394 episcopo
317 373 414 394 assumptus
423 374 450 389 est
458 372 475 389 in
487 372 574 389 consilium
584 374 601 389 et
613 377 644 394 pro
656 374 701 390 tem-

131 402 172 420 pore
181 398 260 419 magister
269 397 328 414 civium
338 397 413 419 effectus,
423 398 473 419 atque
487 396 508 414 de
521 399 592 419 quatuor
605 397 702 414 diffinitori-

131 422 163 439 bus
172 422 215 439 inter
224 422 300 439 civitates
309 422 395 444 Magum,
405 421 467 439 Worin.
481 423 498 439 et
507 421 625 444 Oppenlieim„
634 426 701 439 secun-

131 447 171 464 durn
180 448 242 464 statuta
251 446 392 464 confederationis
406 451 449 463 unus
462 446 492 463 suit
504 448 599 469 assumptus
608 448 625 463 et
634 447 701 464 consti-

132 473 182 489 tutus.
191 471 212 489 Et
220 471 252 488 hiis
261 471 364 493 temporibus
375 471 436 488 multos
445 471 518 488 honores
527 471 606 494 obtinuit,
616 472 633 488 et
642 476 652 488 a
661 472 701 493 qui-

132 496 203 514 busdam
210 496 281 513 dominis
288 497 321 513 tam
327 495 384 518 predia
392 500 440 518 quam
447 495 496 513 vadia
503 496 539 513 sive
545 496 578 513 alia
585 496 630 513 bona
637 496 701 514 auxilio

132 525 189 538 eorum
198 520 229 538 sihi
237 521 328 543 usurpavit.
344 521 411 538 Interea
424 522 479 537 tamen
488 520 530 538 tnles
544 525 626 538 excessus
638 525 702 543 perpe-

132 546 189 568 travit,
199 549 242 568 quos
251 545 331 563 consules
341 545 389 562 salvo
398 546 489 562 iuramento
499 545 535 562 sine
544 545 611 562 iudiciis
619 546 702 568 preterire

133 575 167 588 non
176 570 264 587 audebant.
278 569 332 592 Super
340 570 400 592 quibus
408 570 452 587 iuste
461 571 478 587 et
484 570 603 587 rationabiliter
612 571 703 587 convictus

133 595 226 613 seeundum
234 595 270 612 iura
282 596 298 612 et
311 594 451 612 consuetudinem
464 595 534 612 civitatis
544 594 674 612 Worrnotiensis
685 596 702 613 in

133 620 205 638 consilio
218 620 321 642 proscriptus
334 619 373 642 suit;
386 619 432 641 quod
444 621 500 637 tamen
516 624 526 637 a
538 620 636 637 consulibus
650 620 703 637 tacite

133 644 268 662 conservabatur.
281 645 319 667 Ipse
329 649 369 661 vero
378 644 410 661 hec
419 644 528 661 considerans
538 649 638 666 quecunque
647 645 704 667 potuit

133 670 176 687 muln
186 669 283 687 consulibus
293 671 310 686 et
319 671 374 686 tamen
383 669 448 686 occulte
458 669 588 686 machinabatur.
597 669 663 687 Interea
672 674 703 687 nc-

134 694 174 712 cidit
183 694 228 716 quod
238 694 309 716 quedam
318 693 402 711 discordia
413 694 456 711 inter
465 694 519 716 ipsum
528 693 609 711 iacobum
618 695 635 711 et
644 699 703 716 quen-

134 719 171 737 darn
180 719 233 736 civem
243 718 264 735 de
273 718 345 736 consilio
353 718 457 735 Edelwinum
470 718 487 735 in
499 719 537 736 vico
551 719 604 736 sancti
615 719 658 736 Petri
672 724 703 736 rc-

134 743 216 761 ffl'dentem
225 748 255 765 per
266 743 318 760 verba
327 743 449 760 contumeliosa
458 748 468 760 a
476 743 541 760 Jacobo
554 743 630 765 predicto
644 746 703 761 exorta

134 768 169 791 suit,
178 768 202 785 ita
210 767 255 790 quod
264 770 324 790 postea
332 767 420 785 Edelwino
429 767 483 785 modis
492 768 553 790 quibus
562 768 616 790 potuit
625 768 703 791 detraxit,

133 793 194 810 volens
203 793 256 815 ipsum
265 797 321 810 eornm
330 792 398 810 domino
407 793 488 815 episcopo
497 793 592 816 convenire,
597 793 618 810 ad
627 797 660 815 que
670 793 703 810 do-

133 818 188 835 minus
198 818 289 840 episcopus
298 817 390 834 secundum
400 817 435 834 iura
444 817 515 834 civitatis
524 822 590 839 semper
598 822 617 835 se
626 819 703 840 puratum

134 842 213 860 exhibuit.
226 841 275 862 Quod
284 843 339 859 lamen
348 841 449 864 quibusdum
462 842 537 859 honestis
549 843 627 864 personis
639 842 661 859 erl
671 843 704 860 de-

134 867 222 884 cidendum
231 867 337 884 commissum
350 871 371 884 ex
382 867 452 888 utraque
465 868 511 889 porte
524 867 586 889 extitit,
599 868 616 884 et
628 867 653 884 sic
661 872 703 889 pre-

134 892 179 909 fatus
188 891 285 909 Edelwinus
295 891 357 908 nullum
366 891 393 908 sui
403 891 476 908 timorem
489 891 551 909 habuit.
567 891 633 909 Accidit
645 893 702 909 autem

135 916 181 939 qnod
192 917 277 939 predictus
289 916 386 934 Edelwinus
399 920 431 933 una
445 920 482 933 oum
491 916 585 934 Wernhero
598 916 656 934 Dirolli
671 922 703 939 pro

135 942 237 959 necessitate
247 941 306 958 civium
315 941 464 958 Wormaciencium
473 940 576 963 Mogumiam
585 941 640 964 missi7
653 942 704 959 nevi-

136 966 165 987 gio
174 965 303 983 descenderunt
316 965 352 983 Hec
361 970 397 983 curn
407 965 483 983 audisset
491 965 566 983 Jecobus
576 966 623 983 miles
632 967 661 988 qni
670 967 704 984 ad-

135 991 168 1007 huc
177 995 214 1007 curn
222 995 274 1007 uxore
283 992 301 1008 et
309 992 343 1008 tota
352 990 412 1007 innulia
424 995 455 1008 sua
463 990 554 1008 Wormutie
564 991 659 1014 habitabat,
673 996 704 1009 ns-

136 1019 205 1032 censum
214 1015 288 1037 ipsorum
297 1015 412 1036 considerans,
430 1016 527 1033 convocatis
537 1016 594 1033 amicis
603 1016 648 1037 suis,
660 1016 704 1033 insi-

136 1040 174 1057 dias
182 1040 224 1062 ipsis
233 1040 317 1062 imposuit
329 1040 350 1057 Et
358 1040 383 1057 sic
392 1040 418 1057 die
428 1040 492 1057 sabbati
500 1040 543 1057 eirca
552 1040 635 1058 meridiem
642 1043 705 1058 octavo

137 1065 169 1082 kal
179 1064 278 1087 septembris
288 1063 344 1086 [1257
351 1069 390 1086 ung
396 1064 427 1087 25]
438 1064 459 1082 de
468 1065 513 1082 curia
522 1070 553 1082 suu
562 1066 621 1082 exiens
629 1066 650 1083 ito
657 1065 705 1088 quod
