<?xml version="1.0" encoding="UTF-8"?>
<!DOCTYPE html PUBLIC "-//W3C//DTD XHTML 1.0 Transitional//EN"
    "http://www.w3.org/TR/xhtml1/DTD/xhtml1-transitional.dtd">
<html xmlns="http://www.w3.org/1999/xhtml" xml:lang="en" lang="en">
 <head>
  <title>
</title>
<meta http-equiv="Content-Type" content="text/html;charset=utf-8" />
  <meta name='ocr-system' content='tesseract 3.04.00' />
  <meta name='ocr-capabilities' content='ocr_page ocr_carea ocr_par ocr_line ocrx_word'/>
</head>
<body>
  <div class='ocr_page' id='page_1' title='image "./fontesrerumgerm05hubegoog_0337.png"; bbox 0 0 738 1221; ppageno 0'>
   <div class='ocr_carea' id='block_1_1' title="bbox 114 71 505 90">
    <p class='ocr_par' dir='ltr' id='par_1_1' title="bbox 114 71 505 90">
     <span class='ocr_line' id='line_1_1' title="bbox 114 71 505 90; baseline 0 -2"><span class='ocrx_word' id='word_1_1' title='bbox 114 71 149 88; x_wconf 79' lang='lat'><strong>276</strong></span> <span class='ocrx_word' id='word_1_2' title='bbox 291 77 359 90; x_wconf 68' lang='lat' dir='ltr'><strong>ennena</strong></span> <span class='ocrx_word' id='word_1_3' title='bbox 370 78 401 89; x_wconf 37' lang='lat' dir='ltr'><strong>eni</strong></span> <span class='ocrx_word' id='word_1_4' title='bbox 411 77 444 89; x_wconf 78' lang='lat' dir='ltr'><strong>nr.</strong></span> <span class='ocrx_word' id='word_1_5' title='bbox 455 77 505 89; x_wconf 71' lang='lat' dir='ltr'><strong>eonor.</strong></span> 
     </span>
    </p>
   </div>
   <div class='ocr_carea' id='block_1_2' title="bbox 112 111 685 1099">
    <p class='ocr_par' dir='ltr' id='par_1_2' title="bbox 112 111 682 180">
     <span class='ocr_line' id='line_1_2' title="bbox 112 111 681 136; baseline -0.004 -6"><span class='ocrx_word' id='word_1_6' title='bbox 112 114 192 136; x_wconf 83' lang='lat' dir='ltr'><strong>peratore.</strong></span> <span class='ocrx_word' id='word_1_7' title='bbox 202 112 282 135; x_wconf 75' lang='lat' dir='ltr'><strong>Sepultus</strong></span> <span class='ocrx_word' id='word_1_8' title='bbox 291 114 317 129; x_wconf 84' lang='lat' dir='ltr'><strong>est</strong></span> <span class='ocrx_word' id='word_1_9' title='bbox 325 112 342 129; x_wconf 93' lang='lat' dir='ltr'><strong>iu</strong></span> <span class='ocrx_word' id='word_1_10' title='bbox 351 112 424 129; x_wconf 78' lang='lat' dir='ltr'><strong>eeclesia</strong></span> <span class='ocrx_word' id='word_1_11' title='bbox 432 112 477 129; x_wconf 77' lang='lat' dir='ltr'><strong>beati</strong></span> <span class='ocrx_word' id='word_1_12' title='bbox 486 111 576 129; x_wconf 82' lang='lat' dir='ltr'><strong>Clementis</strong></span> <span class='ocrx_word' id='word_1_13' title='bbox 586 116 635 134; x_wconf 78' lang='lat' dir='ltr'><strong>qoam</strong></span> <span class='ocrx_word' id='word_1_14' title='bbox 643 111 681 134; x_wconf 79' lang='lat' dir='ltr'><strong>ipse</strong></span> 
     </span>
     <span class='ocr_line' id='line_1_3' title="bbox 113 136 682 160; baseline -0.002 -6"><span class='ocrx_word' id='word_1_15' title='bbox 113 138 205 155; x_wconf 74' lang='lat' dir='ltr'><strong>construxit</strong></span> <span class='ocrx_word' id='word_1_16' title='bbox 212 139 229 154; x_wconf 88' lang='lat' dir='ltr'><strong>et</strong></span> <span class='ocrx_word' id='word_1_17' title='bbox 235 137 287 154; x_wconf 80' lang='lat' dir='ltr'><strong>variis</strong></span> <span class='ocrx_word' id='word_1_18' title='bbox 295 137 396 154; x_wconf 72' lang='lat' dir='ltr'><strong>ornamentis</strong></span> <span class='ocrx_word' id='word_1_19' title='bbox 403 137 491 154; x_wconf 77' lang='lat' dir='ltr'><strong>illustravit</strong></span> <span class='ocrx_word' id='word_1_20' title='bbox 498 137 515 154; x_wconf 91' lang='lat' dir='ltr'><strong>in</strong></span> <span class='ocrx_word' id='word_1_21' title='bbox 524 137 562 154; x_wconf 80' lang='lat' dir='ltr'><strong>loco</strong></span> <span class='ocrx_word' id='word_1_22' title='bbox 571 137 599 159; x_wconf 85' lang='lat' dir='ltr'><strong>qui</strong></span> <span class='ocrx_word' id='word_1_23' title='bbox 606 136 682 160; x_wconf 88' lang='lat' dir='ltr'><strong>Rindorp</strong></span> 
     </span>
     <span class='ocr_line' id='line_1_4' title="bbox 113 163 177 180; baseline -0.016 0"><span class='ocrx_word' id='word_1_24' title='bbox 113 163 177 180; x_wconf 84' lang='lat' dir='ltr'><strong>dicitur.</strong></span> 
     </span>
    </p>

    <p class='ocr_par' dir='ltr' id='par_1_3' title="bbox 112 186 685 601">
     <span class='ocr_line' id='line_1_5' title="bbox 149 186 682 209; baseline -0.002 -5"><span class='ocrx_word' id='word_1_25' title='bbox 149 187 177 204; x_wconf 83' lang='lat' dir='ltr'><strong>xii.</strong></span> <span class='ocrx_word' id='word_1_26' title='bbox 190 186 283 204; x_wconf 82' lang='lat' dir='ltr'><strong>Fridericus</strong></span> <span class='ocrx_word' id='word_1_27' title='bbox 297 186 393 208; x_wconf 83' lang='lat' dir='ltr'><strong>prepositus</strong></span> <span class='ocrx_word' id='word_1_28' title='bbox 408 187 462 204; x_wconf 81' lang='lat' dir='ltr'><strong>saneti</strong></span> <span class='ocrx_word' id='word_1_29' title='bbox 478 186 556 209; x_wconf 77' lang='lat' dir='ltr'><strong>Georgii,</strong></span> <span class='ocrx_word' id='word_1_30' title='bbox 569 186 613 203; x_wconf 75' lang='lat' dir='ltr'><strong>iilius</strong></span> <span class='ocrx_word' id='word_1_31' title='bbox 627 186 682 203; x_wconf 74' lang='lat' dir='ltr'><strong>irati-is</strong></span> 
     </span>
     <span class='ocr_line' id='line_1_6' title="bbox 112 210 682 234; baseline -0.002 -5"><span class='ocrx_word' id='word_1_32' title='bbox 112 212 205 234; x_wconf 67' lang='lat' dir='ltr'><strong>murronis,</strong></span> <span class='ocrx_word' id='word_1_33' title='bbox 214 211 236 229; x_wconf 83' lang='lat' dir='ltr'><strong>de</strong></span> <span class='ocrx_word' id='word_1_34' title='bbox 245 216 279 233; x_wconf 79' lang='lat' dir='ltr'><strong>quo</strong></span> <span class='ocrx_word' id='word_1_35' title='bbox 288 216 338 233; x_wconf 84' lang='lat' dir='ltr'><strong>supra</strong></span> <span class='ocrx_word' id='word_1_36' title='bbox 346 210 408 228; x_wconf 80' lang='lat' dir='ltr'><strong>dictum</strong></span> <span class='ocrx_word' id='word_1_37' title='bbox 417 213 447 228; x_wconf 86' lang='lat' dir='ltr'><strong>est.</strong></span> <span class='ocrx_word' id='word_1_38' title='bbox 460 211 492 228; x_wconf 82' lang='lat' dir='ltr'><strong>llie</strong></span> <span class='ocrx_word' id='word_1_39' title='bbox 501 215 535 228; x_wconf 92' lang='lat' dir='ltr'><strong>non</strong></span> <span class='ocrx_word' id='word_1_40' title='bbox 544 211 626 228; x_wconf 84' lang='lat' dir='ltr'><strong>canonica</strong></span> <span class='ocrx_word' id='word_1_41' title='bbox 635 211 682 228; x_wconf 78' lang='lat' dir='ltr'><strong>elec-</strong></span> 
     </span>
     <span class='ocr_line' id='line_1_7' title="bbox 113 235 683 259; baseline -0.002 -6"><span class='ocrx_word' id='word_1_42' title='bbox 113 237 166 259; x_wconf 76' lang='lat' dir='ltr'><strong>tione,</strong></span> <span class='ocrx_word' id='word_1_43' title='bbox 180 236 211 253; x_wconf 87' lang='lat' dir='ltr'><strong>sed</strong></span> <span class='ocrx_word' id='word_1_44' title='bbox 225 236 355 259; x_wconf 84' lang='lat' dir='ltr'><strong>propinquorum</strong></span> <span class='ocrx_word' id='word_1_45' title='bbox 367 235 441 253; x_wconf 71' lang='lat' dir='ltr'><strong>sectione</strong></span> <span class='ocrx_word' id='word_1_46' title='bbox 457 240 478 253; x_wconf 86' lang='lat' dir='ltr'><strong>ex</strong></span> <span class='ocrx_word' id='word_1_47' title='bbox 493 237 571 253; x_wconf 80' lang='lat' dir='ltr'><strong>iuvenum</strong></span> <span class='ocrx_word' id='word_1_48' title='bbox 584 236 683 253; x_wconf 82' lang='lat' dir='ltr'><strong>clericorum</strong></span> 
     </span>
     <span class='ocr_line' id='line_1_8' title="bbox 113 260 683 284; baseline -0.004 -5"><span class='ocrx_word' id='word_1_49' title='bbox 113 261 179 284; x_wconf 73' lang='lat' dir='ltr'><strong>favore,</strong></span> <span class='ocrx_word' id='word_1_50' title='bbox 188 262 303 283; x_wconf 76' lang='lat' dir='ltr'><strong>episcopatum</strong></span> <span class='ocrx_word' id='word_1_51' title='bbox 312 260 383 283; x_wconf 82' lang='lat' dir='ltr'><strong>adeptus</strong></span> <span class='ocrx_word' id='word_1_52' title='bbox 393 262 423 278; x_wconf 83' lang='lat' dir='ltr'><strong>est.</strong></span> <span class='ocrx_word' id='word_1_53' title='bbox 439 261 509 278; x_wconf 80' lang='lat' dir='ltr'><strong>Addunt</strong></span> <span class='ocrx_word' id='word_1_54' title='bbox 520 260 587 283; x_wconf 80' lang='lat' dir='ltr'><strong>quidam</strong></span> <span class='ocrx_word' id='word_1_55' title='bbox 596 260 642 283; x_wconf 80' lang='lat' dir='ltr'><strong>quod</strong></span> <span class='ocrx_word' id='word_1_56' title='bbox 651 264 683 282; x_wconf 80' lang='lat' dir='ltr'><strong>per</strong></span> 
     </span>
     <span class='ocr_line' id='line_1_9' title="bbox 113 285 683 308; baseline -0.002 -5"><span class='ocrx_word' id='word_1_57' title='bbox 113 287 200 303; x_wconf 85' lang='lat' dir='ltr'><strong>simoniam</strong></span> <span class='ocrx_word' id='word_1_58' title='bbox 210 286 310 303; x_wconf 75' lang='lat' dir='ltr'><strong>constitutus</strong></span> <span class='ocrx_word' id='word_1_59' title='bbox 320 286 341 302; x_wconf 88' lang='lat' dir='ltr'><strong>sit</strong></span> <span class='ocrx_word' id='word_1_60' title='bbox 350 285 371 302; x_wconf 92' lang='lat' dir='ltr'><strong>ab</strong></span> <span class='ocrx_word' id='word_1_61' title='bbox 380 286 484 308; x_wconf 73' lang='lat' dir='ltr'><strong>imperatore.</strong></span> <span class='ocrx_word' id='word_1_62' title='bbox 500 285 542 303; x_wconf 88' lang='lat' dir='ltr'><strong>Nam</strong></span> <span class='ocrx_word' id='word_1_63' title='bbox 553 285 625 303; x_wconf 86' lang='lat' dir='ltr'><strong>omnium</strong></span> <span class='ocrx_word' id='word_1_64' title='bbox 635 285 683 308; x_wconf 82' lang='lat' dir='ltr'><strong>prlo-</strong></span> 
     </span>
     <span class='ocr_line' id='line_1_10' title="bbox 113 310 684 333; baseline -0.002 -5"><span class='ocrx_word' id='word_1_65' title='bbox 113 316 149 328; x_wconf 88' lang='lat' dir='ltr'><strong>rum</strong></span> <span class='ocrx_word' id='word_1_66' title='bbox 164 311 224 328; x_wconf 77' lang='lat' dir='ltr'><strong>eleetio</strong></span> <span class='ocrx_word' id='word_1_67' title='bbox 236 311 254 328; x_wconf 86' lang='lat' dir='ltr'><strong>iu</strong></span> <span class='ocrx_word' id='word_1_68' title='bbox 269 310 355 328; x_wconf 69' lang='lat' dir='ltr'><strong>Gerrunio</strong></span> <span class='ocrx_word' id='word_1_69' title='bbox 370 311 456 328; x_wconf 85' lang='lat' dir='ltr'><strong>Bunueusi</strong></span> <span class='ocrx_word' id='word_1_70' title='bbox 469 311 556 333; x_wconf 79' lang='lat' dir='ltr'><strong>preposito</strong></span> <span class='ocrx_word' id='word_1_71' title='bbox 569 311 635 328; x_wconf 75' lang='lat' dir='ltr'><strong>sancita</strong></span> <span class='ocrx_word' id='word_1_72' title='bbox 648 310 684 327; x_wconf 74' lang='lat' dir='ltr'><strong>inii.</strong></span> 
     </span>
     <span class='ocr_line' id='line_1_11' title="bbox 112 335 684 358; baseline -0.002 -5"><span class='ocrx_word' id='word_1_73' title='bbox 112 336 171 358; x_wconf 82' lang='lat' dir='ltr'><strong>Itaque</strong></span> <span class='ocrx_word' id='word_1_74' title='bbox 180 338 250 358; x_wconf 84' lang='lat' dir='ltr'><strong>utreque</strong></span> <span class='ocrx_word' id='word_1_75' title='bbox 259 337 315 358; x_wconf 72' lang='lat' dir='ltr'><strong>partes</strong></span> <span class='ocrx_word' id='word_1_76' title='bbox 325 335 347 352; x_wconf 88' lang='lat' dir='ltr'><strong>ad</strong></span> <span class='ocrx_word' id='word_1_77' title='bbox 355 335 457 353; x_wconf 82' lang='lat' dir='ltr'><strong>audientiam</strong></span> <span class='ocrx_word' id='word_1_78' title='bbox 466 335 566 358; x_wconf 68' lang='lat' dir='ltr'><strong>imperialem</strong></span> <span class='ocrx_word' id='word_1_79' title='bbox 575 335 620 357; x_wconf 87' lang='lat' dir='ltr'><strong>apud</strong></span> <span class='ocrx_word' id='word_1_80' title='bbox 626 335 684 352; x_wconf 85' lang='lat' dir='ltr'><strong>Nuru-</strong></span> 
     </span>
     <span class='ocr_line' id='line_1_12' title="bbox 112 360 684 383; baseline -0.002 -5"><span class='ocrx_word' id='word_1_81' title='bbox 112 361 155 382; x_wconf 73' lang='lat' dir='ltr'><strong>berg</strong></span> <span class='ocrx_word' id='word_1_82' title='bbox 167 361 273 378; x_wconf 81' lang='lat' dir='ltr'><strong>conveniunt.</strong></span> <span class='ocrx_word' id='word_1_83' title='bbox 286 360 311 377; x_wconf 88' lang='lat' dir='ltr'><strong>lbi</strong></span> <span class='ocrx_word' id='word_1_84' title='bbox 324 360 387 377; x_wconf 76' lang='lat' dir='ltr'><strong>infecto</strong></span> <span class='ocrx_word' id='word_1_85' title='bbox 400 361 470 383; x_wconf 74' lang='lat' dir='ltr'><strong>negotio</strong></span> <span class='ocrx_word' id='word_1_86' title='bbox 483 365 539 378; x_wconf 85' lang='lat' dir='ltr'><strong>rursus</strong></span> <span class='ocrx_word' id='word_1_87' title='bbox 548 360 641 382; x_wconf 83' lang='lat' dir='ltr'><strong>Rutispone</strong></span> <span class='ocrx_word' id='word_1_88' title='bbox 650 360 684 377; x_wconf 88' lang='lat' dir='ltr'><strong>im-</strong></span> 
     </span>
     <span class='ocr_line' id='line_1_13' title="bbox 112 384 684 408; baseline 0 -6"><span class='ocrx_word' id='word_1_89' title='bbox 112 387 206 408; x_wconf 85' lang='lat' dir='ltr'><strong>peratorem</strong></span> <span class='ocrx_word' id='word_1_90' title='bbox 222 385 289 402; x_wconf 77' lang='lat' dir='ltr'><strong>adeunt.</strong></span> <span class='ocrx_word' id='word_1_91' title='bbox 309 385 340 402; x_wconf 87' lang='lat' dir='ltr'><strong>Ubi</strong></span> <span class='ocrx_word' id='word_1_92' title='bbox 352 387 421 403; x_wconf 80' lang='lat' dir='ltr'><strong>cassata</strong></span> <span class='ocrx_word' id='word_1_93' title='bbox 436 385 519 403; x_wconf 72' lang='lat' dir='ltr'><strong>electione</strong></span> <span class='ocrx_word' id='word_1_94' title='bbox 531 385 611 407; x_wconf 77' lang='lat' dir='ltr'><strong>priorum,</strong></span> <span class='ocrx_word' id='word_1_95' title='bbox 623 384 684 402; x_wconf 76' lang='lat' dir='ltr'><strong>favore</strong></span> 
     </span>
     <span class='ocr_line' id='line_1_14' title="bbox 112 409 684 433; baseline -0.002 -5"><span class='ocrx_word' id='word_1_96' title='bbox 112 411 205 433; x_wconf 75' lang='lat' dir='ltr'><strong>principum</strong></span> <span class='ocrx_word' id='word_1_97' title='bbox 218 410 262 427; x_wconf 85' lang='lat' dir='ltr'><strong>idem</strong></span> <span class='ocrx_word' id='word_1_98' title='bbox 275 409 367 427; x_wconf 78' lang='lat' dir='ltr'><strong>Fridericus</strong></span> <span class='ocrx_word' id='word_1_99' title='bbox 377 410 398 427; x_wconf 88' lang='lat' dir='ltr'><strong>ab</strong></span> <span class='ocrx_word' id='word_1_100' title='bbox 407 410 507 433; x_wconf 73' lang='lat' dir='ltr'><strong>imperatore</strong></span> <span class='ocrx_word' id='word_1_101' title='bbox 516 410 632 432; x_wconf 78' lang='lat' dir='ltr'><strong>episcopatum</strong></span> <span class='ocrx_word' id='word_1_102' title='bbox 642 414 684 427; x_wconf 84' lang='lat' dir='ltr'><strong>sus-</strong></span> 
     </span>
     <span class='ocr_line' id='line_1_15' title="bbox 113 433 684 458; baseline 0 -6"><span class='ocrx_word' id='word_1_103' title='bbox 113 436 163 458; x_wconf 67' lang='lat' dir='ltr'><strong>cepit,</strong></span> <span class='ocrx_word' id='word_1_104' title='bbox 172 439 244 457; x_wconf 81' lang='lat' dir='ltr'><strong>moxque</strong></span> <span class='ocrx_word' id='word_1_105' title='bbox 249 439 286 452; x_wconf 79' lang='lat' dir='ltr'><strong>cum</strong></span> <span class='ocrx_word' id='word_1_106' title='bbox 291 435 327 452; x_wconf 83' lang='lat' dir='ltr'><strong>suis</strong></span> <span class='ocrx_word' id='word_1_107' title='bbox 332 434 424 452; x_wconf 70' lang='lat' dir='ltr'><strong>fautoribus</strong></span> <span class='ocrx_word' id='word_1_108' title='bbox 431 435 498 452; x_wconf 87' lang='lat' dir='ltr'><strong>Romam</strong></span> <span class='ocrx_word' id='word_1_109' title='bbox 503 434 574 452; x_wconf 85' lang='lat' dir='ltr'><strong>tendens</strong></span> <span class='ocrx_word' id='word_1_110' title='bbox 579 434 600 452; x_wconf 82' lang='lat' dir='ltr'><strong>ab</strong></span> <span class='ocrx_word' id='word_1_111' title='bbox 607 433 684 452; x_wconf 78' lang='lat' dir='ltr'><strong>Adriano</strong></span> 
     </span>
     <span class='ocr_line' id='line_1_16' title="bbox 113 459 683 482; baseline -0.002 -5"><span class='ocrx_word' id='word_1_112' title='bbox 113 465 158 482; x_wconf 86' lang='lat' dir='ltr'><strong>papa</strong></span> <span class='ocrx_word' id='word_1_113' title='bbox 170 461 282 477; x_wconf 67' lang='lat' dir='ltr'><strong>consecratur.</strong></span> <span class='ocrx_word' id='word_1_114' title='bbox 296 459 336 477; x_wconf 83' lang='lat' dir='ltr'><strong>Post</strong></span> <span class='ocrx_word' id='word_1_115' title='bbox 348 459 432 477; x_wconf 83' lang='lat' dir='ltr'><strong>biennium</strong></span> <span class='ocrx_word' id='word_1_116' title='bbox 445 464 482 477; x_wconf 88' lang='lat' dir='ltr'><strong>eum</strong></span> <span class='ocrx_word' id='word_1_117' title='bbox 493 460 591 482; x_wconf 77' lang='lat' dir='ltr'><strong>imperatore</strong></span> <span class='ocrx_word' id='word_1_118' title='bbox 600 460 617 476; x_wconf 88' lang='lat' dir='ltr'><strong>in</strong></span> <span class='ocrx_word' id='word_1_119' title='bbox 627 463 683 482; x_wconf 88' lang='lat' dir='ltr'><strong>expe-</strong></span> 
     </span>
     <span class='ocr_line' id='line_1_17' title="bbox 113 484 685 507; baseline 0 -6"><span class='ocrx_word' id='word_1_120' title='bbox 113 485 193 502; x_wconf 81' lang='lat' dir='ltr'><strong>ditionem</strong></span> <span class='ocrx_word' id='word_1_121' title='bbox 208 484 352 502; x_wconf 77' lang='lat' dir='ltr'><strong>Mediolanensem</strong></span> <span class='ocrx_word' id='word_1_122' title='bbox 365 484 461 507; x_wconf 74' lang='lat' dir='ltr'><strong>prosectus,</strong></span> <span class='ocrx_word' id='word_1_123' title='bbox 473 484 518 507; x_wconf 82' lang='lat' dir='ltr'><strong>apud</strong></span> <span class='ocrx_word' id='word_1_124' title='bbox 530 484 605 502; x_wconf 79' lang='lat' dir='ltr'><strong>Ticinum</strong></span> <span class='ocrx_word' id='word_1_125' title='bbox 619 489 654 506; x_wconf 85' lang='lat' dir='ltr'><strong>que</strong></span> <span class='ocrx_word' id='word_1_126' title='bbox 668 485 685 501; x_wconf 80' lang='lat' dir='ltr'><strong>et</strong></span> 
     </span>
     <span class='ocr_line' id='line_1_18' title="bbox 113 509 685 532; baseline 0 -6"><span class='ocrx_word' id='word_1_127' title='bbox 113 510 164 532; x_wconf 83' lang='lat' dir='ltr'><strong>Papia</strong></span> <span class='ocrx_word' id='word_1_128' title='bbox 171 509 229 526; x_wconf 77' lang='lat' dir='ltr'><strong>dicitur</strong></span> <span class='ocrx_word' id='word_1_129' title='bbox 238 509 287 532; x_wconf 76' lang='lat' dir='ltr'><strong>obiit,</strong></span> <span class='ocrx_word' id='word_1_130' title='bbox 298 509 327 531; x_wconf 60' lang='lat' dir='ltr'><strong>virg</strong></span> <span class='ocrx_word' id='word_1_131' title='bbox 336 509 402 526; x_wconf 85' lang='lat' dir='ltr'><strong>duobus</strong></span> <span class='ocrx_word' id='word_1_132' title='bbox 411 510 460 527; x_wconf 86' lang='lat' dir='ltr'><strong>annis</strong></span> <span class='ocrx_word' id='word_1_133' title='bbox 469 510 531 531; x_wconf 79' lang='lat' dir='ltr'><strong>potitus</strong></span> <span class='ocrx_word' id='word_1_134' title='bbox 540 509 631 531; x_wconf 72' lang='lat' dir='ltr'><strong>pontificali</strong></span> <span class='ocrx_word' id='word_1_135' title='bbox 641 509 685 531; x_wconf 74' lang='lat' dir='ltr'><strong>dig-</strong></span> 
     </span>
     <span class='ocr_line' id='line_1_19' title="bbox 113 533 684 559; baseline 0 -8"><span class='ocrx_word' id='word_1_136' title='bbox 113 534 169 551; x_wconf 83' lang='lat' dir='ltr'><strong>nitate.</strong></span> <span class='ocrx_word' id='word_1_137' title='bbox 183 533 227 551; x_wconf 86' lang='lat' dir='ltr'><strong>Ossa</strong></span> <span class='ocrx_word' id='word_1_138' title='bbox 240 534 277 551; x_wconf 88' lang='lat' dir='ltr'><strong>eius</strong></span> <span class='ocrx_word' id='word_1_139' title='bbox 290 534 311 551; x_wconf 83' lang='lat' dir='ltr'><strong>ab</strong></span> <span class='ocrx_word' id='word_1_140' title='bbox 320 533 368 551; x_wconf 76' lang='lat' dir='ltr'><strong>ltalia</strong></span> <span class='ocrx_word' id='word_1_141' title='bbox 380 534 425 551; x_wconf 88' lang='lat' dir='ltr'><strong>illata</strong></span> <span class='ocrx_word' id='word_1_142' title='bbox 434 534 451 551; x_wconf 92' lang='lat' dir='ltr'><strong>in</strong></span> <span class='ocrx_word' id='word_1_143' title='bbox 460 534 561 559; x_wconf 68' lang='lat' dir='ltr'><strong>monasterio</strong></span> <span class='ocrx_word' id='word_1_144' title='bbox 570 534 619 551; x_wconf 81' lang='lat' dir='ltr'><strong>beate</strong></span> <span class='ocrx_word' id='word_1_145' title='bbox 628 534 684 551; x_wconf 81' lang='lat' dir='ltr'><strong>Music</strong></span> 
     </span>
     <span class='ocr_line' id='line_1_20' title="bbox 113 557 684 581; baseline 0 -5"><span class='ocrx_word' id='word_1_146' title='bbox 113 558 159 581; x_wconf 82' lang='lat' dir='ltr'><strong>quod</strong></span> <span class='ocrx_word' id='word_1_147' title='bbox 171 560 240 581; x_wconf 75' lang='lat' dir='ltr'><strong>patruus</strong></span> <span class='ocrx_word' id='word_1_148' title='bbox 254 559 290 576; x_wconf 82' lang='lat' dir='ltr'><strong>eius</strong></span> <span class='ocrx_word' id='word_1_149' title='bbox 304 558 412 581; x_wconf 79' lang='lat' dir='ltr'><strong>fundaverat,</strong></span> <span class='ocrx_word' id='word_1_150' title='bbox 425 559 442 576; x_wconf 89' lang='lat' dir='ltr'><strong>in</strong></span> <span class='ocrx_word' id='word_1_151' title='bbox 454 559 493 576; x_wconf 87' lang='lat' dir='ltr'><strong>loco</strong></span> <span class='ocrx_word' id='word_1_152' title='bbox 505 557 607 581; x_wconf 64' lang='lat' dir='ltr'><strong>quinem-³¹</strong></span> <span class='ocrx_word' id='word_1_153' title='bbox 616 558 684 581; x_wconf 75' lang='lat' dir='ltr'><strong>dieitur,</strong></span> 
     </span>
     <span class='ocr_line' id='line_1_21' title="bbox 113 583 233 601; baseline -0.008 0"><span class='ocrx_word' id='word_1_154' title='bbox 113 583 182 601; x_wconf 83' lang='lat' dir='ltr'><strong>condita</strong></span> <span class='ocrx_word' id='word_1_155' title='bbox 190 585 233 601; x_wconf 87' lang='lat' dir='ltr'><strong>sunt.</strong></span> 
     </span>
    </p>

    <p class='ocr_par' dir='ltr' id='par_1_4' title="bbox 113 608 685 1078">
     <span class='ocr_line' id='line_1_22' title="bbox 150 608 684 631; baseline -0.002 -5"><span class='ocrx_word' id='word_1_156' title='bbox 150 609 185 626; x_wconf 84' lang='lat' dir='ltr'><strong>xiii.</strong></span> <span class='ocrx_word' id='word_1_157' title='bbox 198 608 289 626; x_wconf 83' lang='lat' dir='ltr'><strong>Reinoldus</strong></span> <span class='ocrx_word' id='word_1_158' title='bbox 301 608 342 626; x_wconf 90' lang='lat' dir='ltr'><strong>nulii</strong></span> <span class='ocrx_word' id='word_1_159' title='bbox 354 608 427 626; x_wconf 90' lang='lat' dir='ltr'><strong>omnium</strong></span> <span class='ocrx_word' id='word_1_160' title='bbox 444 608 561 631; x_wconf 86' lang='lat' dir='ltr'><strong>episcoporum</strong></span> <span class='ocrx_word' id='word_1_161' title='bbox 574 608 684 625; x_wconf 83' lang='lat' dir='ltr'><strong>Coloniensis</strong></span> 
     </span>
     <span class='ocr_line' id='line_1_23' title="bbox 114 632 684 656; baseline -0.002 -5"><span class='ocrx_word' id='word_1_162' title='bbox 114 633 187 651; x_wconf 75' lang='lat' dir='ltr'><strong>ecclesie</strong></span> <span class='ocrx_word' id='word_1_163' title='bbox 200 633 282 656; x_wconf 77' lang='lat' dir='ltr'><strong>probitate</strong></span> <span class='ocrx_word' id='word_1_164' title='bbox 295 633 428 655; x_wconf 80' lang='lat' dir='ltr'><strong>postponendus.</strong></span> <span class='ocrx_word' id='word_1_165' title='bbox 440 632 485 650; x_wconf 84' lang='lat' dir='ltr'><strong>Ante</strong></span> <span class='ocrx_word' id='word_1_166' title='bbox 494 633 608 655; x_wconf 85' lang='lat' dir='ltr'><strong>episcopatum</strong></span> <span class='ocrx_word' id='word_1_167' title='bbox 618 637 684 655; x_wconf 85' lang='lat' dir='ltr'><strong>prepo-</strong></span> 
     </span>
     <span class='ocr_line' id='line_1_24' title="bbox 114 657 684 680; baseline 0 -5"><span class='ocrx_word' id='word_1_168' title='bbox 114 659 157 676; x_wconf 69' lang='lat' dir='ltr'><strong>situs</strong></span> <span class='ocrx_word' id='word_1_169' title='bbox 168 658 199 675; x_wconf 84' lang='lat' dir='ltr'><strong>suit</strong></span> <span class='ocrx_word' id='word_1_170' title='bbox 212 659 229 675; x_wconf 86' lang='lat' dir='ltr'><strong>in</strong></span> <span class='ocrx_word' id='word_1_171' title='bbox 241 658 365 680; x_wconf 83' lang='lat' dir='ltr'><strong>Hildensheim,</strong></span> <span class='ocrx_word' id='word_1_172' title='bbox 378 658 406 675; x_wconf 84' lang='lat' dir='ltr'><strong>ubi</strong></span> <span class='ocrx_word' id='word_1_173' title='bbox 418 658 459 675; x_wconf 80' lang='lat' dir='ltr'><strong>satis</strong></span> <span class='ocrx_word' id='word_1_174' title='bbox 468 658 513 675; x_wconf 78' lang='lat' dir='ltr'><strong>utilis</strong></span> <span class='ocrx_word' id='word_1_175' title='bbox 523 657 576 675; x_wconf 77' lang='lat' dir='ltr'><strong>fuisse</strong></span> <span class='ocrx_word' id='word_1_176' title='bbox 585 657 684 675; x_wconf 67' lang='lat' dir='ltr'><strong>dinoscitur.</strong></span> 
     </span>
     <span class='ocr_line' id='line_1_25' title="bbox 113 682 685 705; baseline 0 -5"><span class='ocrx_word' id='word_1_177' title='bbox 113 683 156 700; x_wconf 84' lang='lat' dir='ltr'><strong>Nam</strong></span> <span class='ocrx_word' id='word_1_178' title='bbox 164 683 186 700; x_wconf 85' lang='lat' dir='ltr'><strong>ibi</strong></span> <span class='ocrx_word' id='word_1_179' title='bbox 195 685 263 705; x_wconf 83' lang='lat' dir='ltr'><strong>pontem</strong></span> <span class='ocrx_word' id='word_1_180' title='bbox 271 683 322 700; x_wconf 87' lang='lat' dir='ltr'><strong>laude</strong></span> <span class='ocrx_word' id='word_1_181' title='bbox 331 683 399 705; x_wconf 80' lang='lat' dir='ltr'><strong>dignum</strong></span> <span class='ocrx_word' id='word_1_182' title='bbox 409 684 426 700; x_wconf 89' lang='lat' dir='ltr'><strong>et</strong></span> <span class='ocrx_word' id='word_1_183' title='bbox 434 682 483 700; x_wconf 81' lang='lat' dir='ltr'><strong>valde</strong></span> <span class='ocrx_word' id='word_1_184' title='bbox 489 683 603 700; x_wconf 80' lang='lat' dir='ltr'><strong>necessarium</strong></span> <span class='ocrx_word' id='word_1_185' title='bbox 609 683 626 700; x_wconf 91' lang='lat' dir='ltr'><strong>in</strong></span> <span class='ocrx_word' id='word_1_186' title='bbox 633 683 685 705; x_wconf 74' lang='lat' dir='ltr'><strong>pluu-</strong></span> 
     </span>
     <span class='ocr_line' id='line_1_26' title="bbox 114 707 684 730; baseline -0.002 -5"><span class='ocrx_word' id='word_1_187' title='bbox 114 708 144 725; x_wconf 86' lang='lat' dir='ltr'><strong>stri</strong></span> <span class='ocrx_word' id='word_1_188' title='bbox 156 708 226 725; x_wconf 75' lang='lat' dir='ltr'><strong>transitu</strong></span> <span class='ocrx_word' id='word_1_189' title='bbox 238 708 340 730; x_wconf 77' lang='lat' dir='ltr'><strong>construxit,</strong></span> <span class='ocrx_word' id='word_1_190' title='bbox 349 708 419 730; x_wconf 83' lang='lat' dir='ltr'><strong>insuper</strong></span> <span class='ocrx_word' id='word_1_191' title='bbox 426 707 510 730; x_wconf 77' lang='lat' dir='ltr'><strong>hospitale</strong></span> <span class='ocrx_word' id='word_1_192' title='bbox 519 712 549 730; x_wconf 89' lang='lat' dir='ltr'><strong>pro</strong></span> <span class='ocrx_word' id='word_1_193' title='bbox 558 707 684 725; x_wconf 74' lang='lat' dir='ltr'><strong>sustentatione</strong></span> 
     </span>
     <span class='ocr_line' id='line_1_27' title="bbox 114 732 685 755; baseline 0 -6"><span class='ocrx_word' id='word_1_194' title='bbox 114 737 205 755; x_wconf 84' lang='lat' dir='ltr'><strong>pauperum</strong></span> <span class='ocrx_word' id='word_1_195' title='bbox 218 732 278 749; x_wconf 85' lang='lat' dir='ltr'><strong>ibidem</strong></span> <span class='ocrx_word' id='word_1_196' title='bbox 292 732 366 749; x_wconf 77' lang='lat' dir='ltr'><strong>instituit.</strong></span> <span class='ocrx_word' id='word_1_197' title='bbox 387 732 451 749; x_wconf 83' lang='lat' dir='ltr'><strong>Deinde</strong></span> <span class='ocrx_word' id='word_1_198' title='bbox 465 732 574 749; x_wconf 86' lang='lat' dir='ltr'><strong>cancellarius</strong></span> <span class='ocrx_word' id='word_1_199' title='bbox 587 732 643 749; x_wconf 76' lang='lat' dir='ltr'><strong>faetus</strong></span> <span class='ocrx_word' id='word_1_200' title='bbox 657 734 685 750; x_wconf 78' lang='lat' dir='ltr'><strong>est</strong></span> 
     </span>
     <span class='ocr_line' id='line_1_28' title="bbox 114 757 684 780; baseline 0 -6"><span class='ocrx_word' id='word_1_201' title='bbox 114 757 217 779; x_wconf 84' lang='lat' dir='ltr'><strong>imperatoris</strong></span> <span class='ocrx_word' id='word_1_202' title='bbox 225 757 309 780; x_wconf 69' lang='lat' dir='ltr'><strong>Frideriei,</strong></span> <span class='ocrx_word' id='word_1_203' title='bbox 319 759 336 774; x_wconf 81' lang='lat' dir='ltr'><strong>et</strong></span> <span class='ocrx_word' id='word_1_204' title='bbox 344 761 382 774; x_wconf 89' lang='lat' dir='ltr'><strong>cum</strong></span> <span class='ocrx_word' id='word_1_205' title='bbox 390 757 408 774; x_wconf 91' lang='lat' dir='ltr'><strong>in</strong></span> <span class='ocrx_word' id='word_1_206' title='bbox 415 757 503 774; x_wconf 81' lang='lat' dir='ltr'><strong>obsidione</strong></span> <span class='ocrx_word' id='word_1_207' title='bbox 512 757 636 774; x_wconf 85' lang='lat' dir='ltr'><strong>Mediolanensi</strong></span> <span class='ocrx_word' id='word_1_208' title='bbox 645 761 684 774; x_wconf 81' lang='lat' dir='ltr'><strong>cum</strong></span> 
     </span>
     <span class='ocr_line' id='line_1_29' title="bbox 114 781 684 804; baseline 0 -5"><span class='ocrx_word' id='word_1_209' title='bbox 114 782 214 804; x_wconf 77' lang='lat' dir='ltr'><strong>imperatore</strong></span> <span class='ocrx_word' id='word_1_210' title='bbox 223 783 278 804; x_wconf 80' lang='lat' dir='ltr'><strong>esset,</strong></span> <span class='ocrx_word' id='word_1_211' title='bbox 287 782 304 799; x_wconf 89' lang='lat' dir='ltr'><strong>in</strong></span> <span class='ocrx_word' id='word_1_212' title='bbox 313 781 409 804; x_wconf 79' lang='lat' dir='ltr'><strong>pontificem</strong></span> <span class='ocrx_word' id='word_1_213' title='bbox 417 786 427 799; x_wconf 92' lang='lat' dir='ltr'><strong>a</strong></span> <span class='ocrx_word' id='word_1_214' title='bbox 436 782 481 799; x_wconf 83' lang='lat' dir='ltr'><strong>clero</strong></span> <span class='ocrx_word' id='word_1_215' title='bbox 490 783 508 799; x_wconf 84' lang='lat' dir='ltr'><strong>et</strong></span> <span class='ocrx_word' id='word_1_216' title='bbox 514 782 577 804; x_wconf 86' lang='lat' dir='ltr'><strong>populo</strong></span> <span class='ocrx_word' id='word_1_217' title='bbox 584 781 684 799; x_wconf 82' lang='lat' dir='ltr'><strong>Coloniensi</strong></span> 
     </span>
     <span class='ocr_line' id='line_1_30' title="bbox 114 806 683 829; baseline 0 -5"><span class='ocrx_word' id='word_1_218' title='bbox 114 807 179 824; x_wconf 82' lang='lat' dir='ltr'><strong>electus</strong></span> <span class='ocrx_word' id='word_1_219' title='bbox 193 808 223 824; x_wconf 90' lang='lat' dir='ltr'><strong>est.</strong></span> <span class='ocrx_word' id='word_1_220' title='bbox 240 806 281 824; x_wconf 85' lang='lat' dir='ltr'><strong>Post</strong></span> <span class='ocrx_word' id='word_1_221' title='bbox 293 806 377 824; x_wconf 79' lang='lat' dir='ltr'><strong>devictum</strong></span> <span class='ocrx_word' id='word_1_222' title='bbox 385 809 440 824; x_wconf 84' lang='lat' dir='ltr'><strong>autem</strong></span> <span class='ocrx_word' id='word_1_223' title='bbox 448 806 562 824; x_wconf 73' lang='lat' dir='ltr'><strong>Mediolanum</strong></span> <span class='ocrx_word' id='word_1_224' title='bbox 571 808 605 824; x_wconf 83' lang='lat' dir='ltr'><strong>tres</strong></span> <span class='ocrx_word' id='word_1_225' title='bbox 613 806 683 829; x_wconf 77' lang='lat' dir='ltr'><strong>MagoS,</strong></span> 
     </span>
     <span class='ocr_line' id='line_1_31' title="bbox 114 831 684 854; baseline -0.002 -5"><span class='ocrx_word' id='word_1_226' title='bbox 114 832 142 854; x_wconf 82' lang='lat' dir='ltr'><strong>qui</strong></span> <span class='ocrx_word' id='word_1_227' title='bbox 150 831 304 849; x_wconf 77' lang='lat' dir='ltr'><strong>iniautiamDornini</strong></span> <span class='ocrx_word' id='word_1_228' title='bbox 311 832 387 853; x_wconf 74' lang='lat' dir='ltr'><strong>mysticis</strong></span> <span class='ocrx_word' id='word_1_229' title='bbox 391 831 487 849; x_wconf 80' lang='lat' dir='ltr'><strong>muneribus</strong></span> <span class='ocrx_word' id='word_1_230' title='bbox 492 832 566 849; x_wconf 77' lang='lat' dir='ltr'><strong>venerati</strong></span> <span class='ocrx_word' id='word_1_231' title='bbox 572 833 616 852; x_wconf 79' lang='lat' dir='ltr'><strong>sunt,</strong></span> <span class='ocrx_word' id='word_1_232' title='bbox 621 835 684 853; x_wconf 76' lang='lat' dir='ltr'><strong>niagno</strong></span> 
     </span>
     <span class='ocr_line' id='line_1_32' title="bbox 114 856 683 879; baseline 0 -6"><span class='ocrx_word' id='word_1_233' title='bbox 114 856 172 874; x_wconf 82' lang='lat' dir='ltr'><strong>labore</strong></span> <span class='ocrx_word' id='word_1_234' title='bbox 181 858 198 874; x_wconf 80' lang='lat' dir='ltr'><strong>et</strong></span> <span class='ocrx_word' id='word_1_235' title='bbox 206 856 279 879; x_wconf 86' lang='lat' dir='ltr'><strong>periculo</strong></span> <span class='ocrx_word' id='word_1_236' title='bbox 287 856 443 874; x_wconf 75' lang='lat' dir='ltr'><strong>Mediolanensibus</strong></span> <span class='ocrx_word' id='word_1_237' title='bbox 450 856 524 879; x_wconf 82' lang='lat' dir='ltr'><strong>abstulit,</strong></span> <span class='ocrx_word' id='word_1_238' title='bbox 533 858 550 873; x_wconf 82' lang='lat' dir='ltr'><strong>et</strong></span> <span class='ocrx_word' id='word_1_239' title='bbox 559 856 580 873; x_wconf 86' lang='lat' dir='ltr'><strong>ad</strong></span> <span class='ocrx_word' id='word_1_240' title='bbox 586 857 683 879; x_wconf 77' lang='lat' dir='ltr'><strong>perpetuum</strong></span> 
     </span>
     <span class='ocr_line' id='line_1_33' title="bbox 115 880 683 903; baseline 0 -5"><span class='ocrx_word' id='word_1_241' title='bbox 115 881 202 899; x_wconf 78' lang='lat' dir='ltr'><strong>Germanic</strong></span> <span class='ocrx_word' id='word_1_242' title='bbox 214 881 284 903; x_wconf 80' lang='lat' dir='ltr'><strong>gloriam</strong></span> <span class='ocrx_word' id='word_1_243' title='bbox 297 881 384 898; x_wconf 83' lang='lat' dir='ltr'><strong>Coloniam</strong></span> <span class='ocrx_word' id='word_1_244' title='bbox 396 881 435 898; x_wconf 85' lang='lat' dir='ltr'><strong>mira</strong></span> <span class='ocrx_word' id='word_1_245' title='bbox 448 881 527 898; x_wconf 65' lang='lat' dir='ltr'><strong>instantia</strong></span> <span class='ocrx_word' id='word_1_246' title='bbox 536 881 633 898; x_wconf 67' lang='lat' dir='ltr'><strong>transvexit.</strong></span> <span class='ocrx_word' id='word_1_247' title='bbox 647 880 683 898; x_wconf 76' lang='lat' dir='ltr'><strong>Nec</strong></span> 
     </span>
     <span class='ocr_line' id='line_1_34' title="bbox 114 905 683 928; baseline 0 -5"><span class='ocrx_word' id='word_1_248' title='bbox 114 906 147 923; x_wconf 84' lang='lat' dir='ltr'><strong>hoc</strong></span> <span class='ocrx_word' id='word_1_249' title='bbox 159 907 176 923; x_wconf 89' lang='lat' dir='ltr'><strong>in</strong></span> <span class='ocrx_word' id='word_1_250' title='bbox 188 906 255 924; x_wconf 82' lang='lat' dir='ltr'><strong>laudem</strong></span> <span class='ocrx_word' id='word_1_251' title='bbox 267 906 303 923; x_wconf 87' lang='lat' dir='ltr'><strong>eius</strong></span> <span class='ocrx_word' id='word_1_252' title='bbox 312 906 392 923; x_wconf 86' lang='lat' dir='ltr'><strong>immerito</strong></span> <span class='ocrx_word' id='word_1_253' title='bbox 401 906 491 928; x_wconf 80' lang='lat' dir='ltr'><strong>profertur,</strong></span> <span class='ocrx_word' id='word_1_254' title='bbox 501 905 546 928; x_wconf 80' lang='lat' dir='ltr'><strong>quod</strong></span> <span class='ocrx_word' id='word_1_255' title='bbox 555 910 592 923; x_wconf 81' lang='lat' dir='ltr'><strong>cum</strong></span> <span class='ocrx_word' id='word_1_256' title='bbox 601 905 657 923; x_wconf 81' lang='lat' dir='ltr'><strong>adhuc</strong></span> <span class='ocrx_word' id='word_1_257' title='bbox 665 906 683 923; x_wconf 88' lang='lat' dir='ltr'><strong>in</strong></span> 
     </span>
     <span class='ocr_line' id='line_1_35' title="bbox 115 930 682 953; baseline 0 -5"><span class='ocrx_word' id='word_1_258' title='bbox 115 931 162 948; x_wconf 71' lang='lat' dir='ltr'><strong>Italie</strong></span> <span class='ocrx_word' id='word_1_259' title='bbox 173 936 211 948; x_wconf 88' lang='lat' dir='ltr'><strong>cum</strong></span> <span class='ocrx_word' id='word_1_260' title='bbox 223 931 321 953; x_wconf 86' lang='lat' dir='ltr'><strong>imperatore</strong></span> <span class='ocrx_word' id='word_1_261' title='bbox 335 933 391 953; x_wconf 84' lang='lat' dir='ltr'><strong>esset,</strong></span> <span class='ocrx_word' id='word_1_262' title='bbox 404 933 421 948; x_wconf 83' lang='lat' dir='ltr'><strong>et</strong></span> <span class='ocrx_word' id='word_1_263' title='bbox 429 931 513 953; x_wconf 75' lang='lat' dir='ltr'><strong>palatinus</strong></span> <span class='ocrx_word' id='word_1_264' title='bbox 522 935 579 948; x_wconf 86' lang='lat' dir='ltr'><strong>comes</strong></span> <span class='ocrx_word' id='word_1_265' title='bbox 589 930 682 953; x_wconf 73' lang='lat' dir='ltr'><strong>Comedus,</strong></span> 
     </span>
     <span class='ocr_line' id='line_1_36' title="bbox 114 955 683 978; baseline 0 -5"><span class='ocrx_word' id='word_1_266' title='bbox 114 955 165 972; x_wconf 77' lang='lat' dir='ltr'><strong>frater</strong></span> <span class='ocrx_word' id='word_1_267' title='bbox 177 956 281 978; x_wconf 78' lang='lat' dir='ltr'><strong>imperatoris</strong></span> <span class='ocrx_word' id='word_1_268' title='bbox 298 955 383 978; x_wconf 59' lang='lat' dir='ltr'><strong>Midenoi,</strong></span> <span class='ocrx_word' id='word_1_269' title='bbox 397 956 517 973; x_wconf 82' lang='lat' dir='ltr'><strong>coloniensem</strong></span> <span class='ocrx_word' id='word_1_270' title='bbox 532 956 647 978; x_wconf 74' lang='lat' dir='ltr'><strong>episcopatum</strong></span> <span class='ocrx_word' id='word_1_271' title='bbox 660 955 683 972; x_wconf 82' lang='lat' dir='ltr'><strong>ad</strong></span> 
     </span>
     <span class='ocr_line' id='line_1_37' title="bbox 114 979 682 1003; baseline 0 -6"><span class='ocrx_word' id='word_1_272' title='bbox 114 980 177 997; x_wconf 83' lang='lat' dir='ltr'><strong>libitum</strong></span> <span class='ocrx_word' id='word_1_273' title='bbox 189 985 237 998; x_wconf 85' lang='lat' dir='ltr'><strong>suum</strong></span> <span class='ocrx_word' id='word_1_274' title='bbox 249 981 331 998; x_wconf 83' lang='lat' dir='ltr'><strong>violenter</strong></span> <span class='ocrx_word' id='word_1_275' title='bbox 343 981 412 998; x_wconf 81' lang='lat' dir='ltr'><strong>transire</strong></span> <span class='ocrx_word' id='word_1_276' title='bbox 421 985 442 998; x_wconf 87' lang='lat' dir='ltr'><strong>ac</strong></span> <span class='ocrx_word' id='word_1_277' title='bbox 449 980 515 1003; x_wconf 82' lang='lat' dir='ltr'><strong>predari</strong></span> <span class='ocrx_word' id='word_1_278' title='bbox 524 981 584 1003; x_wconf 78' lang='lat' dir='ltr'><strong>veliet,</strong></span> <span class='ocrx_word' id='word_1_279' title='bbox 597 981 634 1002; x_wconf 85' lang='lat' dir='ltr'><strong>ipse</strong></span> <span class='ocrx_word' id='word_1_280' title='bbox 642 979 682 997; x_wconf 77' lang='lat' dir='ltr'><strong>Rei-</strong></span> 
     </span>
     <span class='ocr_line' id='line_1_38' title="bbox 115 1005 682 1027; baseline 0 -5"><span class='ocrx_word' id='word_1_281' title='bbox 115 1005 176 1022; x_wconf 84' lang='lat' dir='ltr'><strong>noldus</strong></span> <span class='ocrx_word' id='word_1_282' title='bbox 185 1005 217 1022; x_wconf 84' lang='lat' dir='ltr'><strong>hoo</strong></span> <span class='ocrx_word' id='word_1_283' title='bbox 225 1010 255 1027; x_wconf 84' lang='lat' dir='ltr'><strong>per</strong></span> <span class='ocrx_word' id='word_1_284' title='bbox 264 1006 331 1023; x_wconf 87' lang='lat' dir='ltr'><strong>nuntios</strong></span> <span class='ocrx_word' id='word_1_285' title='bbox 341 1005 470 1023; x_wconf 80' lang='lat' dir='ltr'><strong>Coloniensibus</strong></span> <span class='ocrx_word' id='word_1_286' title='bbox 481 1006 569 1027; x_wconf 81' lang='lat' dir='ltr'><strong>intimans,</strong></span> <span class='ocrx_word' id='word_1_287' title='bbox 579 1007 641 1022; x_wconf 68' lang='lat' dir='ltr'><strong>tuntum</strong></span> <span class='ocrx_word' id='word_1_288' title='bbox 650 1009 682 1022; x_wconf 81' lang='lat' dir='ltr'><strong>suo</strong></span> 
     </span>
     <span class='ocr_line' id='line_1_39' title="bbox 115 1029 682 1053; baseline -0.002 -6"><span class='ocrx_word' id='word_1_289' title='bbox 115 1030 182 1047; x_wconf 83' lang='lat' dir='ltr'><strong>nomino</strong></span> <span class='ocrx_word' id='word_1_290' title='bbox 191 1030 311 1047; x_wconf 83' lang='lat' dir='ltr'><strong>multitudinem</strong></span> <span class='ocrx_word' id='word_1_291' title='bbox 320 1030 364 1053; x_wconf 92' lang='lat' dir='ltr'><strong>apud</strong></span> <span class='ocrx_word' id='word_1_292' title='bbox 373 1029 498 1052; x_wconf 81' lang='lat' dir='ltr'><strong>Andemaoum,</strong></span> <span class='ocrx_word' id='word_1_293' title='bbox 512 1031 536 1047; x_wconf 78' lang='lat' dir='ltr'><strong>tot</strong></span> <span class='ocrx_word' id='word_1_294' title='bbox 547 1030 599 1047; x_wconf 78' lang='lat' dir='ltr'><strong>furies</strong></span> <span class='ocrx_word' id='word_1_295' title='bbox 608 1031 633 1047; x_wconf 72' lang='lat' dir='ltr'><strong>tot</strong></span> <span class='ocrx_word' id='word_1_296' title='bbox 641 1033 682 1052; x_wconf 82' lang='lat' dir='ltr'><strong>pre-</strong></span> 
     </span>
     <span class='ocr_line' id='line_1_40' title="bbox 115 1054 682 1078; baseline -0.002 -6"><span class='ocrx_word' id='word_1_297' title='bbox 115 1055 170 1072; x_wconf 81' lang='lat' dir='ltr'><strong>oiaros</strong></span> <span class='ocrx_word' id='word_1_298' title='bbox 183 1056 200 1072; x_wconf 84' lang='lat' dir='ltr'><strong>et</strong></span> <span class='ocrx_word' id='word_1_299' title='bbox 213 1055 278 1072; x_wconf 86' lang='lat' dir='ltr'><strong>nobiles</strong></span> <span class='ocrx_word' id='word_1_300' title='bbox 291 1055 337 1072; x_wconf 86' lang='lat' dir='ltr'><strong>viros</strong></span> <span class='ocrx_word' id='word_1_301' title='bbox 342 1068 347 1078; x_wconf 70' lang='grc'>,</span> <span class='ocrx_word' id='word_1_302' title='bbox 359 1056 445 1077; x_wconf 85' lang='lat' dir='ltr'><strong>postremo</strong></span> <span class='ocrx_word' id='word_1_303' title='bbox 454 1055 503 1072; x_wconf 87' lang='lat' dir='ltr'><strong>talem</strong></span> <span class='ocrx_word' id='word_1_304' title='bbox 513 1055 603 1072; x_wconf 84' lang='lat' dir='ltr'><strong>exercitum</strong></span> <span class='ocrx_word' id='word_1_305' title='bbox 612 1054 682 1072; x_wconf 75' lang='lat' dir='ltr'><strong>adunari</strong></span> 
     </span>
    </p>

    <p class='ocr_par' dir='ltr' id='par_1_5' title="bbox 133 1082 512 1099">
     <span class='ocr_line' id='line_1_41' title="bbox 133 1082 512 1099; baseline 0.003 -4"><span class='ocrx_word' id='word_1_306' title='bbox 133 1083 148 1099; x_wconf 74' lang='lat' dir='ltr'><strong>t)</strong></span> <span class='ocrx_word' id='word_1_307' title='bbox 157 1082 232 1099; x_wconf 72' lang='lat' dir='ltr'><strong>Alienberg</strong></span> <span class='ocrx_word' id='word_1_308' title='bbox 241 1082 271 1095; x_wconf 67' lang='lat' dir='ltr'><strong>vm</strong></span> <span class='ocrx_word' id='word_1_309' title='bbox 279 1082 336 1096; x_wconf 57' lang='lat' dir='ltr'><strong>,innuen</strong></span> <span class='ocrx_word' id='word_1_310' title='bbox 345 1082 429 1096; x_wconf 57' lang='lat' dir='ltr'><strong>”mosaico</strong></span> <span class='ocrx_word' id='word_1_311' title='bbox 438 1086 465 1096; x_wconf 75' lang='lat' dir='ltr'><strong>von</strong></span> <span class='ocrx_word' id='word_1_312' title='bbox 474 1082 512 1096; x_wconf 61' lang='grc' dir='ltr'><strong>(λιιι</strong></span> 
     </span>
    </p>
   </div>
  </div>
 </body>
</html>
