738 1221
124 61 161 79 234
299 69 383 81 numu-u
393 68 514 81 wonnrrrusu.

150 103 174 118 1⁹.
184 102 212 118 Dte
226 102 282 121 burgei-
295 106 324 118 vou
338 102 398 119 Wurms
413 102 443 118 und
455 102 480 118 die
490 102 546 121 burget
557 106 586 118 von
597 102 692 122 Oppenlneim

184 123 271 139 venlnhten
282 123 310 138 auf
319 123 352 138 ihre
361 124 456 142 gegeuseltlg
461 123 549 139 erhohenen
557 123 653 143 ansprnehen
661 123 691 138 und

184 143 241 159 wellen
255 143 288 159 sich
302 143 360 159 wieder
374 144 469 163 gegenseitig
482 143 555 159 beholren
569 144 602 159 sein
616 143 692 159 unchdem

184 164 223 180 nller
236 164 306 183 zwispalt
321 164 398 179 zwlschen
412 164 458 180 lunen
473 164 521 179 durch
535 165 611 183 genannte
622 164 691 179 schieds-

184 184 242 200 richter
252 184 361 203 ausgeglictren
372 184 465 200 wordenist.
476 184 574 204 offenheim,
581 185 620 200 12e5
626 188 661 204 aug.
668 185 691 200 13.

159 218 178 236 ln
191 219 257 236 nomine
271 218 343 239 domini,
352 223 406 236 amen.
425 218 506 235 Noverint
518 219 592 236 universi
606 220 639 235 tum
651 223 691 240 pre-

123 245 181 260 sentes
191 248 239 265 quam
249 243 312 265 posteri
320 243 426 265 presencium
435 243 548 266 inspectores,
561 243 605 265 quod
615 248 653 260 cum
662 243 691 260 in-

122 270 148 285 ter
163 272 195 285 uos
209 268 255 285 vives
268 268 404 285 wormacienses
417 272 438 285 ex
451 272 485 285 uun
498 270 553 290 parte,
565 269 585 287 ,et
597 272 629 285 rios
643 268 690 285 cives

122 292 279 315 Oppeuheimenses
292 297 313 310 ex
322 293 382 315 altera,
396 297 447 315 super
456 293 517 310 mutuis
526 292 642 315 questionibus
652 292 690 310 ‹lis-

93 323 95 325 ’
122 318 181 335 sensio
187 322 246 335 rancor
250 319 267 335 et
275 317 359 335 discordia
364 319 455 335 verteretur
458 323 462 339 ;
467 322 499 335 nos
506 322 527 335 ex
534 319 604 340 utraque
609 319 656 340 perte
664 319 691 335 at-

122 342 212 360 tendentes
225 342 379 360 confederationem
392 344 409 360 et
425 342 493 360 sormam
507 342 632 365 privilegiorum
646 347 690 359 eon-

122 367 195 384 nexione
209 369 264 384 mutua
277 367 333 384 initam
346 368 363 384 et
376 368 468 385 iuramento
480 367 523 384 inter
534 372 566 385 nos
575 368 628 384 eciam
637 367 691 389 longo

122 393 196 414 tempore
203 392 297 415 stabilitam,
302 392 379 409 volentes
389 396 449 409 cavere
458 397 479 409 ne
486 392 515 409 illa
520 392 634 409 confederatio
642 394 690 414 parte

122 417 178 439 aliqua
191 417 304 439 scinderetur,
317 417 348 434 sed
359 417 426 439 integra
439 418 456 434 et
466 417 568 434 inviolabilis
577 418 689 439 permaneret:

122 446 154 459 nos
167 441 214 459 cives
226 442 362 459 wormacienses
371 446 401 464 pro
411 441 460 459 nobis
469 443 486 459 et
494 446 526 459 nos
536 442 582 459 cives
591 442 608 459 in
617 441 688 464 Oppen-

122 466 166 483 heim
178 471 209 489 pro
221 467 269 484 nobis
282 467 416 484 renunciavimus
429 466 506 484 omnibns
515 466 649 488 impetieionibus
658 471 690 483 ae-

122 491 196 508 tionibus
212 491 349 513 requisitionibus
366 491 494 513 quibuscunque
507 492 523 508 et
539 491 615 514 dampnis
628 491 690 508 habitis

121 515 220 539 utrobique,
232 517 255 533 ita
268 516 314 539 qnod
327 516 348 533 de
361 517 417 533 cetero
429 516 532 533 manebimus
546 516 595 533 iurati
604 517 621 533 et
630 515 691 533 fideles

122 540 208 558 adiutores
221 540 243 558 ed
255 541 332 558 invicem.
348 541 368 558 Et
381 541 436 563 sopita
449 542 476 558 est
484 541 527 558 inter
539 545 571 558 nos
585 541 639 558 omnis
653 540 691 558 dis-

122 565 179 582 cordia
192 570 222 583 seu
235 570 295 587 guerra
308 570 337 588 per
351 567 390 583 octo
399 566 444 583 viros
454 570 475 583 ex
484 567 553 588 utraque
562 567 609 588 parte
618 566 691 588 electos,

123 594 192 612 quorum
205 592 276 613 quatuor
288 595 308 607 ex
321 591 370 608 nobis
379 590 533 608 Wormaoiensihus
543 592 590 608 sunt:
604 590 650 607 Gozo
660 594 691 607 se-

122 615 159 632 nior
168 614 189 633 de
198 614 255 638 Moro,
268 615 343 633 Gerbozo
357 616 427 638 milites,
441 615 529 633 Heinricus
538 615 593 632 dictus
603 615 664 632 Richer
674 616 692 632 et

122 639 210 658 Heinricus
223 640 328 662 Holtrnundi;
342 645 363 657 ex
376 640 424 657 nohis
438 639 621 663 Oppeuhelmcnsibus:
631 640 691 657 Petrus

122 664 143 682 de
152 664 273 688 Winetsheim,
283 665 371 682 Heinricus
380 664 401 682 de
409 665 531 687 Congerniieim
541 665 610 687 milites,
619 664 691 682 Heinri-

122 694 152 706 cus
165 689 219 707 dictus
233 689 348 712 Grezingheim
361 692 378 707 et
389 689 477 707 Conradus
489 689 544 707 dictus
556 689 625 711 Fugere.
642 689 663 707 Et
671 691 692 707 ut

121 714 153 731 hec
162 714 214 731 forma
223 716 278 732 mutue
288 714 383 732 dilectionis
392 715 434 732 inter
443 719 474 732 nos
485 715 532 732 iuxta
540 714 610 732 formum
619 714 691 737 privile-

121 739 186 760 giorum
199 741 292 756 nostrorum
306 740 418 762 conscriptam
431 739 548 757 inviolabiliter
561 740 578 756 in
592 741 691 762 perpetuum

122 763 229 785 observetur,
245 765 340 786 presentem
356 764 419 781 literam
435 764 492 786 sigillo
508 764 569 782 nobilis
583 764 613 781 vlri
625 763 691 781 domini

121 787 210 806 Weruheri
219 788 313 811 Ringravii,
323 789 351 811 qut
361 789 491 811 complanationi
499 790 557 806 nostre
569 788 648 811 interfuit,
658 793 692 811 pe-

121 813 187 830 tivimus
202 815 219 831 et
231 813 315 831 voluimus
329 814 424 831 communiri
436 813 453 831 iu
465 814 516 831 robur
525 814 637 831 testimonium
646 814 664 831 et
672 814 691 831 in

121 838 222 855 evidentiam
234 838 335 861 ampliorem.
352 838 410 856 Actum
424 840 440 856 et
452 838 508 856 dutum
521 838 565 861 apud
578 838 691 861 Oppeuheim,

121 867 165 880 anno
175 863 236 880 domini
245 863 330 880 m.ccllx.v.
339 863 356 880 in
365 863 393 881 die
402 863 446 880 beati
456 863 547 885 Hippolyti.

146 908 171 923 ²0.
182 907 209 923 Die
220 907 320 923 rutumnnnen
331 907 362 923 uud
372 907 429 927 trutger
439 911 469 923 von
476 907 537 924 Worms
547 906 648 923 beurkundeu
660 907 692 923 wie

182 929 205 944 sle
221 928 254 944 stell
270 929 296 944 mit
312 928 390 944 Eberhard
404 928 468 944 birche?
480 931 509 944 von
520 928 581 944 Worme
592 928 622 943 und
634 928 692 943 danen

182 948 237 968 eapite!
251 948 289 964 uber
303 948 332 964 den
343 949 385 964 krai't
395 948 496 965 kalserllclien
508 949 579 968 privllogs
595 952 625 964 vou
636 948 691 964 diesen

182 969 198 984 ln
218 969 295 988 anspruclz
316 973 425 988 genommeuen
445 968 531 988 burgerhor
548 970 615 988 geeinigt
634 969 691 985 haben.

182 989 258 1009 (Woruls)
271 990 310 1005 126⁶
321 989 349 1005 11111
361 990 383 1005 12.

158 1019 241 1036 Consules
248 1021 265 1037 et
271 1020 345 1037 universi
355 1020 401 1037 eives
411 1020 552 1037 Wormeoienses.
561 1019 642 1037 Noverint
650 1020 690 1037 uui-

120 1044 165 1061 versi
179 1046 212 1061 tam
224 1045 313 1066 presentes
326 1049 375 1066 quam
389 1045 451 1067 posteri
466 1045 568 1067 presentium
577 1045 690 1067 inspectores,

121 1068 166 1091 quod
179 1073 216 1087 cum
228 1069 270 1086 inter
284 1069 393 1087 reverendum
408 1071 471 1092 patrem
483 1073 503 1086 ae
516 1069 601 1086 dominum
614 1070 690 1087 nostrum
