738 1221
224 72 304 84 canonican
315 72 437 84 osrzauovruaz
579 67 614 83 557

45 107 114 129 abbate,
132 111 176 124 anuo
189 107 275 129 regiminis
287 107 313 124 sui
324 109 378 124 sexto.
398 107 429 128 Qui
442 109 494 125 eciam
507 113 544 125 curn
553 108 613 125 eodem
622 110 655 124 ¹29³

45 133 127 149 venerunt
133 136 185 148 eausa
191 132 296 149 visitacionis
305 136 334 154 per
341 132 425 149 Sweviam
432 132 524 150 Bawariam
531 132 614 150 Austriam

46 158 62 174 et
75 156 168 174 Moraviam
181 161 236 178 usque
248 156 269 174 ad
282 157 370 174 eeclesiam
380 157 507 174 Chuuioensein.
520 157 544 174 lbi
557 158 614 175 relicto

45 181 121 204 prediolo
130 181 198 198 durnino
208 181 357 199 Premunstratensi
371 182 462 204 iniungitur
473 183 488 199 ei
500 183 572 200 visitatio
582 187 613 200 ee-

45 206 97 223 clesie
106 207 122 223 in
128 206 212 223 Griveutal
221 206 238 223 in
248 206 337 223 Karinlliia.
346 206 406 228 Dirigit
414 209 469 224 autern
478 208 509 224 iter
517 212 565 225 suurn
574 212 613 230 pre-

44 231 99 248 dictus
114 231 191 248 dominus
200 231 359 248 Premunstratensis
373 236 433 249 versus
444 232 545 249 Boliemiam.
562 232 613 249 Cuius

45 258 87 273 terre
97 256 179 273 eeclesias
189 256 214 272 sui
228 255 291 273 ordinis
300 256 364 278 visitat,
378 258 394 273 et
403 261 412 273 a
422 261 462 278 rege
472 257 574 274 wenzezlao
584 261 613 274 se-

45 280 100 298 cundo
114 280 205 298 honorilice
218 281 295 302 recipitur
308 282 325 298 et
336 280 431 302 benigniter
447 283 559 303 pertractatur.
576 281 613 299 De-

44 310 87 322 mum
97 305 118 322 de
127 306 164 327 ipsu
175 307 216 322 terra
225 304 311 327 egreditur
319 310 349 327 per
357 305 418 327 Egrarn
428 307 445 323 et
453 305 570 328 Ratisponarn,
583 311 613 324 re-

44 330 92 347 diens
102 329 123 347 ad
136 332 195 347 terram
204 334 251 347 suam
262 332 359 352 peracturus
373 330 461 352 capitulum
473 331 557 352 generale.
575 331 613 353 Ny·-

44 355 103 372 colaus
115 356 184 376 quartus
197 359 241 377 papa
250 354 291 372 obiit
300 353 357 377 [1292
367 359 402 377 apr.
410 354 437 378 lt].
455 355 508 372 Vacat
517 355 568 373 sedas
577 356 612 373 sere

43 380 92 396 annis
99 379 157 397 tribus.
618 387 620 389 ·

80 404 182 421 M.oe.xe.iiiii
198 404 279 421 Dominus
293 404 365 422 Adolsus
380 409 410 422 rex
425 407 478 422 terras
492 405 582 427 Thuringie
595 407 612 422 et

43 429 120 446 Miohsne
132 428 234 446 rebellantes
246 429 277 446 sihi
289 429 361 446 intravit
374 429 394 446 Et
406 429 472 447 duobus
483 430 531 447 annis
541 434 611 447 manens

43 453 104 471 ibidem
117 453 186 475 easdem
195 454 303 476 expugnavit.
316 454 337 471 Et
349 454 374 471 sin
386 459 419 476 pax
428 454 491 471 eisdem
501 455 548 472 terris
558 454 611 472 rediit.

42 479 80 500 Ipse
86 479 130 496 enirn
137 479 216 501 marchio,
222 479 250 500 qui
259 478 327 496 easdem
336 480 388 496 terras
392 483 413 496 ex
418 481 464 501 parte
469 479 547 496 Friderici
553 484 610 501 quon-

43 503 80 520 dam
85 504 189 526 imperatoris
196 504 310 525 persecutoris
318 504 390 520 ecclesie
397 504 440 521 male
445 504 551 527 possederat,
556 506 611 526 preter

43 528 75 545 alia
80 528 176 550 episcopum
183 529 200 545 et
207 528 299 545 eanunioos
304 528 411 545 Michsenses
416 533 426 545 a
433 529 468 547 suis
476 528 610 546 habitacionibus

43 555 60 570 et
68 553 118 570 rebus
128 553 204 574 eiecerat,
214 554 231 570 et
239 553 316 570 horreum
325 553 359 570 seni
368 558 398 575 pro
408 553 455 575 equis
469 553 504 571 suis
517 553 580 571 ieoerat
589 554 610 571 da

43 577 115 595 eeclesia
127 577 223 594 kathedrali*
236 577 277 594 Item
285 578 322 599 ipso
332 579 406 599 ternpore
416 582 445 595 rex
453 577 525 595 Adoifus
534 579 610 600 repetivit

42 607 52 620 a
60 607 101 624 rege
110 602 179 620 Franeie
188 606 257 624 regnum
267 602 351 619 Arelatum
362 604 380 619 et
388 602 469 624 quasdam
481 603 523 620 alias
532 604 583 620 terras
593 605 610 620 et

42 627 139 650 provincias
151 631 194 649 quas
206 627 273 644 dicebat
288 631 327 644 esse
339 627 411 650 imperii,
426 628 495 650 insuper
506 629 522 645 et
535 628 610 650 spineam

43 656 122 670 eoronam
130 652 200 674 domini,
214 656 257 674 quas
266 652 299 669 nisi
307 651 384 669 redderet
392 652 408 669 in
418 656 467 669 manu
476 652 542 670 soreiori
552 653 610 674 requi-

42 681 78 694 rere
93 676 148 694 vellet.
173 676 189 694 A
204 681 238 698 quo
251 676 339 698 impeditur
351 681 381 699 per
394 676 494 694 discordiam
510 681 559 699 quam
576 677 610 694 dux

40 701 107 719 Austrie
116 701 194 718 Albertus
203 701 235 718 sibi
244 701 299 718 movit.

79 726 170 743 Memmi
183 726 202 743 ln
212 726 238 743 die
247 730 300 748 pasce
309 726 355 748 quod
364 727 404 743 tunc
412 727 468 743 evenit
476 726 494 743 in
502 726 561 748 vigilia
569 726 610 744 Λιιιε

41 751 92 768 brasii
106 750 148 773 [apr.
161 750 181 773 ³]
194 750 255 768 cecidit
267 751 296 768 nix
304 750 346 768 liora
359 751 438 768 matutina
452 751 473 768 ad
483 751 609 773 spissitudinem

42 777 98 793 erecte
110 780 178 797 manus,
191 777 207 793 et
220 775 310 797 permansit
322 780 376 797 usque
392 775 414 793 ad
428 776 485 793 horam
498 776 531 793 diei
543 780 609 793 nouam.

41 800 105 818 Eodem
120 804 165 817 anno
178 800 195 817 iu
208 801 268 817 octava
281 800 335 817 saneti
348 799 438 822 Augustini
450 805 480 823 per
494 802 536 817 terre
547 802 609 818 motum

41 826 131 843 claustrum
140 825 203 842 ordinis
213 825 372 842 Premonstratensis
382 824 481 842 Cliurbaldia
490 827 507 842 et
515 825 609 847 quindecim

40 852 95 867 castra
104 850 121 867 in
130 850 190 867 eudem
198 849 272 867 confinio
281 849 355 867 funditus
363 851 466 867 corruerunt.

78 875 174 892 M,eo.xo.vi.
187 874 257 896 Eligitur
268 876 309 891 nutu
324 874 381 891 divino
398 875 422 891 vir
439 874 528 896 religiosus
542 875 608 892 nomine

40 899 99 917 Petrus
111 899 133 917 de
144 899 226 917 Menrona
239 900 256 916 in
265 904 346 916 summurn
359 899 463 921 pontificem,
473 900 490 916 et
503 901 572 916 vocatus
582 901 608 916 est

40 924 136 942 Celestinus
146 924 218 946 quintus.
234 923 267 944 Qui
278 923 322 941 sedit
334 924 420 941 mensibus
433 928 469 941 sex.
485 924 506 941 Et
517 924 609 945 resignavit

40 951 56 966 et
65 949 202 967 constitutionem
211 948 256 970 quod
266 948 300 965 lieri
309 950 368 970 posset
376 948 428 966 edidit
436 948 457 966 de
464 948 568 970 plenitudine
577 953 608 966 sue

39 974 136 996 potestatis>
152 973 182 990 Cui
191 973 275 991 suevessit
283 973 359 990 dominus
369 973 469 991 Benedictus
477 973 571 995 cardinalis,
580 974 608 995 qui

40 1001 111 1016 vocatus
122 1000 148 1015 est
156 998 251 1015 Boniiaeius
259 999 335 1015 octavus.
348 997 380 1018 Qui
392 998 445 1015 statim
456 999 496 1020 post
506 998 607 1015 creationem

40 1028 87 1041 suam
96 1027 155 1041 omnes
164 1024 229 1045 gracias
238 1024 254 1040 et
261 1023 383 1040 eoncessiones
395 1027 437 1045 quas
445 1022 556 1045 predecessor
567 1027 608 1040 suus

40 1049 56 1065 in
64 1048 170 1072 simplicitate
182 1052 213 1065 sua
225 1047 294 1069 fecerat,
304 1048 378 1065 cassavit
386 1050 436 1070 atque
445 1048 540 1070 revocavit,
553 1050 569 1065 et
579 1048 608 1069 ip-

40 1078 75 1090 surn
90 1073 167 1095 reclusit,
181 1077 202 1089 ne
216 1073 277 1090 scisma
289 1072 335 1090 fleret
346 1073 361 1089 si
373 1077 383 1089 a
396 1073 459 1095 pupulo
471 1075 559 1095 raperetur⁴
576 1071 608 1092 Qui
