738 1221
117 58 130 74 4
310 66 374 78 nimus
385 67 497 79 comninetur

77 101 110 114 ¹²⁵³
119 105 179 123 magna
191 105 229 123 pars
241 102 314 118 civitatis
327 102 344 118 in
353 101 410 123 vigilia
422 102 474 118 sancti
485 101 557 118 Martini.
570 101 605 118 Rex
617 101 688 118 Franeie

117 126 188 143 vincitur
194 130 204 143 a
213 126 290 148 paganis.

118 178 148 195 suit
163 178 277 195 fraudulenter
291 183 301 195 a
314 179 348 195 suis
360 178 490 200 consanguineis
502 177 598 195 interiectus
613 179 629 195 in
643 178 688 195 sesto

118 203 172 220 sancti
180 203 239 220 Jacobi
247 203 264 220 in
272 203 360 220 messibus.
371 202 406 220 Rex
415 202 488 220 Castelle
498 202 572 220 sibillam
580 203 688 225 expugnavit.

118 227 206 244 Translate
215 229 254 245 sunt
265 232 332 245 sorores
344 227 365 244 de
374 227 451 244 Huseren
464 228 480 244 in
489 227 571 244 Werrahe
582 227 642 245 vallem
654 232 688 249 que

117 254 178 274 postea
191 252 281 274 elingintal
293 252 387 274 dicebatur,
403 256 423 269 eo
436 252 482 274 quod
497 251 574 269 dominus
587 251 608 269 de
621 252 687 274 Clingin

118 277 204 294 sororibus
213 276 280 294 fratrum
290 276 413 294 Predicatorum
424 277 441 293 in
455 276 545 293 remedium
556 277 610 293 anime
622 281 652 294 sue
664 277 687 294 li-

118 301 158 318 bere
165 301 270 318 contulisset.

155 329 226 346 M.cc.lx.
239 328 360 346 Interfecerunt
367 328 416 346 Judei
425 329 441 346 in
446 328 560 351 Wissenburg
568 333 642 351 puerum.
650 329 687 346 De-

118 353 173 371 dicala
181 355 207 371 est
213 353 285 371 ecclesia
290 353 357 370 fratrum
366 353 489 371 Predicatorum
499 354 515 370 in
523 353 619 375 Argentina.
632 353 687 370 Hein-

118 378 162 395 ricus
176 378 267 401 episeopus
285 377 414 400 Argentinensis
433 378 478 395 obiit.
511 377 573 395 Civitas
591 378 688 395 Rubeacum

119 405 178 420 exusta
188 404 219 420 est.

155 427 236 445 M.cc.lx.i.
249 427 369 449 Flagellatores
376 427 474 444 Teulouiam
486 427 602 444 transiverunt.
615 427 644 444 Fui
652 427 687 444 l’a—

119 452 174 470 risius.
187 452 318 469 Fundamentum
327 452 372 469 chori
382 452 439 469 nostri.

156 480 241 497 M,cc.lx⁴ii.
255 480 279 497 De
287 479 379 501 Argeutina
388 479 454 496 suerunt
467 479 512 496 multi
526 479 585 496 milites
596 479 687 497 interfecti.

119 504 194 522 Joannes
206 505 287 521 scultetus
294 505 311 521 in
319 503 423 521 Columbaria
433 508 469 520 cum
477 504 532 521 multis
541 504 625 521 nobilibus
633 505 686 521 inter-

119 529 178 546 fectus.
191 529 309 551 Expugnatum
318 528 347 545 fuit
355 530 426 545 castrum
436 529 452 545 in
462 528 557 546 Mulhusen.

142 563 145 566 ⁴
156 557 250 574 M.ce.lx.iii,
264 556 344 573 Canonici
351 556 490 573 Lutenbacenses
498 558 569 573 castrum
577 556 609 573 sibi
616 557 687 574 vicinum

119 586 149 604 per
157 581 252 599 vlolentiam
260 581 381 598 destruxerunt.
391 580 472 598 Dominus
478 581 574 598 Waltherus
581 581 602 598 de
611 581 688 599 Gerolls-

120 606 161 624 ecke
173 607 263 629 episcopus
275 605 403 627 Argentinensis
413 605 459 623 obiit.
474 605 530 623 Frater
538 606 620 623 Lutoldus
627 606 688 623 Predi-

119 633 193 649 catorum
202 631 255 648 lector
267 630 363 652 astrologus
373 630 443 653 predixit
451 630 525 652 eclipsim
539 631 580 648 solis
591 630 650 648 tactam
660 631 688 648 die

119 656 173 673 sancti
181 656 268 673 Dominici.

157 684 243 701 M.ec⁴lx.v.
257 683 332 700 Castrum
341 685 358 700 et
367 683 455 700 castellum
465 682 548 700 Burodors
555 682 621 705 quidam
632 687 652 700 ex
661 685 689 700 ci-

120 708 168 726 vlhus
176 708 277 725 tradiderunt
286 708 340 725 comiti
349 707 371 725 de
379 707 483 729 Habspureh.
502 707 580 730 Mappam
589 707 645 725 mundi
656 708 688 725 de-

119 733 179 755 scripsi
187 733 203 749 in
213 732 268 754 pelles
277 732 365 749 duodecim
373 732 476 754 pergameni.

156 760 249 777 M.cc.lx.vi.
267 759 360 777 Claustrum
379 761 396 777 et
409 759 465 776 villam
477 759 563 777 Luceriam
577 761 638 777 ventus
651 760 688 777 sive

119 785 168 802 turbo
178 789 208 807 pro
216 789 277 806 magua
284 786 331 806 parte
340 784 429 806 destruxit,
441 786 458 801 et
465 784 533 806 pinnam
540 784 596 807 templi
604 785 621 802 in
628 786 688 802 terram

119 814 130 827 a
139 810 190 830 longe
200 809 298 831 deportavit.
311 809 368 826 Frater
377 808 451 826 Achilles
463 808 546 830 quondam
554 809 598 831 prior
607 809 688 831 predica-

120 833 156 851 tor¹
166 834 249 856 generalis
257 834 319 855 incepit
326 838 392 851 erucem
403 833 424 850 ad
433 834 551 850 transmarinas
559 836 616 856 partes
627 834 688 856 predi-

120 863 163 876 care
176 859 245 876 scutarii
257 860 273 876 et
282 858 360 876 Mouachi
371 858 430 875 milites
442 858 503 875 curiam
514 858 688 876 habueruntBasilee.

157 886 254 903 M.cc.lx.vii.
272 885 359 903 conradus
374 885 478 902 Weruherus
494 885 515 902 de
528 885 599 902 l-ladstat
611 886 687 903 ordinem

120 911 249 929 'teutonicorum
261 910 358 932 ingressum
374 910 420 927 cuius
432 910 523 932 receptioni
534 910 580 927 multi
590 910 656 928 nobiles
666 915 688 927 ex

121 936 186 953 Alsalia
193 935 303 952 interfuerunt
309 935 325 951 in
334 936 389 951 eastre
395 934 478 952 Bueheim.
492 934 585 952 ExAlsatia
592 935 630 957 plus
638 940 688 957 quam

121 960 208 982 quingenti
216 959 316 981 peregrinati
325 961 364 976 sunt
374 960 389 975 in
400 959 528 981 quadragesima
538 959 560 976 ad
567 961 623 981 partes
632 961 688 976 trans-

121 985 198 1002 marinas*
210 984 281 1006 Eclipsis
289 984 331 1001 solis
341 984 398 1005 vigilia
407 984 468 1000 Urbani
477 983 551 1005 prediola
562 989 572 1001 a
581 983 631 1001 fratre
640 984 688 1001 God-

121 1009 164 1027 fridc
173 1011 269 1026 astronomo
280 1008 343 1026 ordinis
354 1008 476 1030 Predicatorum
489 1008 505 1025 in
516 1008 611 1025 Wormatia.
626 1008 687 1026 Comes

121 1034 228 1051 Pnirretarum
239 1033 295 1050 emita
305 1034 365 1050 comite
371 1033 433 1050 Montis
439 1032 525 1050 l’ellicardi
533 1033 594 1050 curiam
604 1033 688 1055 quandam

139 1061 153 1077 ι)
163 1059 274 1074 manaim-..v
