738 1221
110 65 147 84 288
292 71 354 84 inam
365 71 397 84 ιἎτ.
408 71 439 83 ur.
450 71 500 83 mm!-

111 107 225 130 anonis‚de
234 111 268 129 qao
277 111 328 129 supra
337 106 399 123 dietam
408 107 439 128 est,
449 106 477 128 qui
485 106 540 127 magis
548 106 682 128 propinquorum

110 132 184 150 faotione
193 134 210 149 et
218 132 301 149 iuniorum
310 131 407 149 elericorum
414 131 471 148 favere
481 131 596 153 episcopatum
606 131 681 154 adeptus

111 159 146 180 est,
159 158 227 174 cassata
240 156 322 174 oanonioa
336 156 419 173 electione
431 155 475 173 saeta
484 160 539 172 eoram
548 155 637 173 Frederieo
645 156 682 173 im-

110 183 187 204 peratore
196 182 213 198 in
222 181 328 198 Bunnensern
337 181 440 203 prepositum
450 180 555 197 Gerhardurn,
568 180 595 198 Ab
604 180 682 198 Adriano

111 211 155 229 papa
164 208 273 224 consecratus
283 207 313 223 est.
327 206 391 223 Dicitur
401 205 451 222 etiam
460 205 505 227 quod
515 209 545 227 per
553 205 641 223 simoniam
649 206 682 222 in·-

112 232 164 249 travit.
177 231 204 249 Ab
216 231 316 253 imperatore
328 235 380 248 eausa
392 230 437 252 apud
445 230 544 251 Nurenberg
553 232 580 247 est
587 230 682 252 ventilata;

112 256 173 274 deinde
189 255 264 273 seeundo
276 255 369 273 Ratisbone
386 255 458 277 agitata5
470 254 532 272 ibidem
545 255 644 272 Frederious
658 255 683 272 ab

111 281 210 303 imperatore
224 281 340 303 episcopatum
352 280 431 302 suscepit.
448 280 489 297 Post
502 279 587 297 biennium
598 284 636 297 eum
648 280 683 297 irn-

112 307 189 328 peratore
198 305 312 323 Mediolanum
320 305 414 327 protentus,
424 304 467 327 apud
477 305 552 322 Tieinum
561 309 594 327 que
603 307 620 322 et
629 305 683 327 Papia

112 331 171 348 dieitur
180 330 232 352 obiit„
239 331 268 347 vix
280 330 346 347 duobus
359 330 408 347 annis
419 329 511 352 pontitieali
520 330 601 352 dignitate
610 330 683 352 potitus.

112 355 158 373 Ossa
170 356 207 372 eius
219 355 306 372 Coloniam
319 354 383 377 delata,
399 355 416 371 in
425 356 482 372 monte
491 357 549 372 sancte
557 355 619 377 Marte,
629 359 683 377 quera

112 382 182 403 patruus
195 384 236 397 snus
249 379 357 402 fundaverat,
370 380 398 402 qni
410 379 464 401 Berge
476 379 545 403 dieitur,
554 379 622 397 condita
631 381 683 401 sunt;

114 409 152 423 earo
162 405 198 422 eius
208 406 225 422 at
233 405 299 422 viscera
308 405 404 422 manserunt
412 404 429 421 in
438 404 542 422 Lornhardia

150 430 183 447 xlii.
191 429 293 452 Rffinoldus,
305 429 449 447 Hildeshemensis
461 430 566 452 prepositus,
579 429 626 451 regni
637 434 684 446 onn-

114 455 201 477 cellarius,
210 455 234 471 vir
243 455 287 472 omni
295 454 378 476 probitate
391 454 500 476 conspicuus,
513 454 553 471 nulli
562 454 684 476 episcoporum

114 479 240 497 Coloniensium
254 479 336 501 probitate
349 478 484 501 postponendus.
499 479 518 496 In
527 479 625 496 Hildensem
634 483 685 501 pon-

115 506 148 522 tem
156 504 207 521 lande
220 503 288 525 dignum
300 505 317 521 et
325 503 374 521 valde
384 504 498 521 neeessariam
507 504 523 521 in
532 504 600 526 palustri
610 504 684 521 transitu

114 529 211 546 construxit.
231 529 302 551 Insuper
314 528 397 551 hospitale
409 533 440 551 pro
453 529 576 546 sustentatione
589 533 686 551 pauperum

114 553 175 571 ibidem
188 554 262 571 instituit.
281 553 346 571 Deinde
363 553 473 571 macellarius
486 554 590 576 imperatoris
603 553 686 571 Friderioi

114 578 177 601 faetus,
191 583 227 595 curn
240 578 257 595 in
269 578 358 595 obsidione
371 577 462 595 Mediolani
474 583 511 595 eum
520 579 619 600 imperatore
628 580 685 601 esset,

114 604 131 621 in
140 603 235 626 pontificem
245 607 255 620 a
263 603 309 621 oleru
318 604 336 620 et
344 603 407 626 populo
417 602 514 620 Coloniensi
522 603 587 620 electus
596 604 627 620 est.
642 603 686 620 Post

115 628 197 646 devictum
206 630 261 645 autem
270 628 384 645 Mediolanum
393 630 427 645 tres
436 628 506 650 Magos,
516 628 543 650 qui
553 628 638 645 infantiam
647 628 686 645 Do·-

114 653 154 670 ‘mini
162 653 237 675 mysticis
246 653 341 670 muneribus
350 653 425 670 venerati
435 654 479 675 sant,
488 657 550 675 magno
558 652 615 670 labore
624 654 642 669 et
650 657 686 675 pe-

115 678 167 695 riculo
176 678 333 695 Mediolanensibus
342 677 419 700 abstulit,
431 679 448 695 et
457 677 478 695 ad
487 680 584 700 perpetuam
592 677 686 695 Germanie

115 703 186 725 gloriam
201 702 287 720 Coloniam
301 703 342 720 mira
355 702 434 720 instantia
450 707 486 719 curn
500 702 566 720 dnobus
582 702 686 724 martyribus

115 727 183 745 Nabore
195 729 212 744 et
222 727 278 745 Felice
291 728 388 744 transvexit„
404 727 440 744 Neo
448 727 481 744 hoo
489 728 527 744 sine
536 728 572 744 eius
581 727 631 744 laude
640 732 686 750 pro-

116 751 176 775 fertur,
188 752 233 774 quod
246 756 282 769 curn
295 751 350 769 adhue
362 752 378 769 in
390 752 437 769 Italia
447 754 494 769 esset
502 756 539 769 enm
547 752 657 775 imperatore,
668 754 687 769 et

116 777 213 794 Palantinus
229 781 286 794 eomes
300 776 396 799 Conradus,
417 777 468 794 trater
480 777 585 798 imperatoris
597 776 687 800 Friderici,

116 806 154 819 eum
162 801 248 819 Ludevieo
257 801 357 823 landgravio
366 803 383 819 et
391 801 474 819 Friderieo
483 801 526 819 duee
535 801 619 824 saxonie,
635 802 686 824 epis-

117 828 195 849 copatum
208 826 326 844 Coloniensem
338 826 360 844 ad
373 826 435 844 libitum
447 831 495 844 suum
504 826 586 844 vlolenter
594 826 686 849 depredari

116 851 189 874 vellent,
201 851 238 874 ipse
246 851 338 869 Reinoldus
347 851 380 869 hoe
387 856 417 873 per
425 851 493 868 nuntios
503 851 632 868 Coloniensibus
642 851 686 868 intl-

117 876 177 899 mavit,
189 878 206 894 et
218 878 281 893 taniam
293 881 325 894 suo
334 876 401 893 nomine
411 876 531 893 multitudinem
540 875 585 898 apud
593 875 686 893 Anderna-

119 906 165 924 eum,
174 903 198 919 tot
207 901 258 919 fortes
268 903 293 919 tot
301 901 386 924 preclaros
395 902 412 919 et
421 901 487 918 nobiles
496 901 550 924 viros,
558 902 644 923 pestremo
656 902 686 918 ta-

118 926 151 943 lern
160 927 250 944 exercitum
257 926 325 944 adunari
334 926 378 949 tecit,
388 926 453 948 qualern
458 927 516 943 nostra
524 926 602 943 memoria
609 929 630 943 ex
638 926 686 943 Ten-

118 951 179 968 tonieis
188 955 272 973 nunquam
281 951 297 968 in
307 951 343 968 acie
352 951 450 968 constitisse
459 951 575 973 eognovimus
588 950 637 968 Unde
644 955 685 973 pre-

118 975 148 993 l'ati
161 976 225 997 tyranni
238 976 318 998 perterriti
331 977 375 993 retro
388 976 433 993 unde
445 977 526 993 venerant
534 975 611 992 abierunt
628 975 686 992 Tertia

118 1001 151 1017 iarn
160 1000 268 1023 expeditione
276 1005 313 1018 eum
322 1001 421 1023 imperatore
430 1001 515 1023 profectas
523 1001 541 1018 in
551 1000 623 1022 Italiam,
633 1004 686 1022 parva

119 1030 170 1042 uranu
186 1025 254 1042 militurn
267 1026 346 1042 maximas
359 1025 443 1043 Romanas
459 1026 526 1048 eopias7
539 1025 560 1042 ad
574 1024 686 1047 quadraginta

120 1050 179 1072 millia,
193 1050 238 1072 apud
251 1050 363 1067 Tusculanum
375 1050 465 1072 prostravit
473 1050 517 1067 aedit
525 1052 542 1067 et
550 1050 619 1071 fugavit.
632 1049 686 1067 Multa

120 1075 170 1092 etiam
179 1075 248 1096 egregie
257 1075 346 1092 inserenda
352 1074 450 1096 dignissime
456 1079 487 1097 per
495 1079 560 1092 omnem
569 1074 632 1092 Italiam
641 1079 685 1097 ope-
