738 1221
102 66 138 82 550
288 72 384 84 :sumamus
395 71 486 83 annuns

61 110 93 124 ¹³01
104 109 141 124 tuor
154 111 208 124 annos
220 108 237 124 et
248 106 323 129 amplius.
336 106 357 124 Et
368 106 499 123 Flandreusibus
508 110 589 128 prospere
598 110 670 124 succes-

102 133 124 149 sit
129 145 133 154 ‚
143 133 160 149 et
168 132 224 154 plures
234 131 340 153 postmodum
348 131 428 148 victorias
437 131 535 148 habueruut.

138 156 188 174 Anno
197 156 260 173 domini
268 157 340 173 m.cce.ii.
352 156 398 178 l’apa
409 155 506 173 Bonisacius
518 156 563 172 misit
571 156 608 177 regi
617 155 671 172 Fran-

102 182 128 199 cie
137 181 218 204 quasdam
227 181 284 198 literas
293 182 310 198 et
318 181 399 203 nuncios,
408 185 479 198 monens
487 181 542 203 ipsum
553 182 571 197 ut
583 180 605 197 ab
614 180 672 197 otien—

102 207 151 224 sione
160 206 200 223 cleri
209 206 308 228 desisteret,
322 207 339 223 et
347 208 429 223 monetam
439 210 488 227 quam
497 205 579 223 fabricare
588 205 645 222 denuo
654 206 672 222 in

102 231 211 254 preiudicium
223 231 271 252 regni
283 230 347 248 fecerat
359 231 456 247 immularet.
472 230 518 247 idern
530 232 584 247 autem
594 235 624 247 rex
632 235 673 252 pre-

102 256 158 273 dictos
170 256 241 273 nuncios
253 260 297 278 pape
312 255 356 272 infra
371 255 466 277 quindecim
478 255 515 272 dies
528 255 614 272 mandavit
627 255 673 272 exire

103 281 183 298 terminos
191 280 239 302 regni
249 280 284 303 sui,
296 280 371 302 alioquin
382 281 441 297 contra
449 284 532 302 personas
542 284 599 297 eorum
608 284 672 302 prooe-

103 305 150 323 deret
161 305 209 322 nimis
222 305 274 327 dure,
287 305 383 327 precipiens
395 309 426 327 per
438 306 490 322 totum
503 309 572 326 rognum
582 309 631 321 suum
640 304 673 321 sui>

103 335 147 352 pena
159 330 218 352 capitis
231 331 248 347 et
260 330 332 347 omnium
345 330 426 347 bonorum
438 329 568 352 coniiscatioue,
580 334 602 346 ne
616 329 672 351 aliqua

103 359 176 377 persona
185 359 237 377 parva
246 355 275 372 vel
283 359 344 376 magna
354 354 412 371 literas
424 354 486 371 domini
497 358 539 376 pape
548 354 631 376 reciperet
639 359 672 376 pu-

104 380 147 397 blice
156 379 182 396 vei
192 379 265 401 occulte,
274 384 340 401 ponens
350 379 430 396 custodes
439 379 456 396 in
467 378 544 396 omnibus
554 379 615 396 linibus
624 379 671 400 regni

104 405 140 427 sui,
149 409 171 422 ne
180 404 240 426 aliquis
249 404 338 426 importare
347 406 407 426 posset
415 403 472 421 literas
481 403 508 421 vei
519 403 615 421 mandatum
623 408 673 426 pape,

104 431 121 446 et
133 434 154 446 ne
167 429 227 451 aliquis
240 429 340 451 prelatorum
351 429 398 446 exire
411 430 471 451 posset
481 429 508 446 vel
517 428 539 446 ad
547 433 591 451 pape
599 433 672 451 presen-

105 454 144 471 tiam
153 454 209 471 literas
218 453 307 471 destinare.

141 478 205 496 Eodem
217 483 261 495 nuno
274 478 358 495 mandavit
370 478 414 496 idem
427 483 471 501 papa
484 478 581 495 Bonisacius
594 477 672 495 omnibus

105 503 235 525 archiepiscopis
246 504 263 520 et
274 503 359 525 episcopis
370 505 387 521 et
399 503 489 521 maioribus
500 503 578 525 prelatis,
591 504 608 520 et
616 503 673 524 rungi-

105 528 145 545 stris
158 528 244 549 theologie
257 528 297 545 luris
310 528 386 545 canonici
398 529 415 545 et
427 528 490 550 civilis,
504 527 578 545 oriundis
589 527 610 544 de
620 531 673 549 regno

105 553 182 575 Fraucie,
195 554 214 569 ut
223 553 277 574 ipsum
291 552 343 570 Rome
356 553 456 570 accederent
470 553 513 570 circa
527 552 588 570 festum
601 552 674 569 omnium

106 579 205 595 sanctorum.
215 577 249 594 Sed
258 577 294 599 ipse
304 582 333 594 rex
342 578 401 595 volens
410 582 441 595 eos
450 577 471 594 ab
478 577 510 595 iioc
519 578 578 594 itinere
586 576 674 599 retarder-L

106 602 145 619 iecit
154 602 226 619 Parisius
234 602 251 619 iu
261 602 333 619 ecclesia
342 602 391 620 beate
398 602 450 620 Mario
458 602 541 625 pubiicum
548 602 674 624 parlamentum,

105 627 187 645 mandans
200 631 221 644 ne
234 627 256 644 ad
270 627 324 649 ipsum
337 632 396 649 papam
409 627 469 649 aliquis
481 627 581 649 prelatorum
590 626 618 644 vel
627 627 674 649 epis-

106 656 185 674 coporum
201 651 290 669 accederet
302 656 339 668 oum
355 652 403 674 equis
415 652 492 669 vestibus
505 652 532 669 vei
544 651 626 674 pecunia;
640 655 674 673 quo

105 676 185 694 volebant
188 690 193 699 r
202 678 220 693 ut
229 676 279 698 dixit,
289 677 336 698 regni
346 677 372 694 sui
381 677 461 694 terminos
470 676 552 699 spoliare,
561 676 620 693 dicens
628 675 674 698 quod

106 706 150 724 papa
160 701 203 718 lianc
211 701 327 718 collectionem
337 701 395 718 fecerit
405 701 446 718 lucri
459 706 515 718 causa.
529 701 549 718 Et
559 705 610 723 super
621 700 648 718 his
658 702 675 718 et

106 726 143 742 aliis
152 726 196 743 misit
203 730 234 743 sex
243 726 314 743 nuncios
323 725 344 743 ad
352 728 406 743 cetum
413 726 526 748 cardinalium,
535 730 570 743 nou
577 725 598 742 ad
608 730 674 748 papam,

106 750 204 772 significans
213 750 247 767 eis:
256 750 302 772 quod
311 750 403 768 secuudum
411 750 507 768 mandatum
515 755 559 773 pape
570 754 604 767 non
612 752 674 772 posset

106 775 170 797 iacere,
179 775 217 797 quia
226 775 241 792 si
252 779 311 792 omnes
324 775 460 798 archiepiscopos
471 777 488 793 et
499 775 589 798 episcopos
598 779 608 792 a
620 779 674 796 regno

106 800 208 823 permitteret
222 800 311 822 recedere,
327 800 358 817 iam
373 805 408 817 non
422 802 477 823 esset,
490 801 569 822 tauquam
585 800 674 817 concussis

107 825 188 842 columnis
201 824 282 847 ecclesie,
295 825 323 847 qui
338 827 445 842 consecraret
460 825 532 842 chrisma
547 824 575 842 vei
584 824 675 842 *ordinaret

106 850 178 866 ciericos
187 850 214 867 vel
225 849 326 867 ministraret
334 850 451 867 ecclesiastica
461 851 573 871 §emmonim
582 850 600 866 et
611 849 626 866 si
636 854 675 866 iun-

106 875 154 896 gistri
165 874 250 896 theologie
262 879 271 891 a
282 879 335 896 reguo
344 874 414 892 Franeie
422 874 529 897 recederent,
539 875 571 891 iarn
579 878 613 891 non
624 874 675 891 inve-

107 900 169 916 niretur
180 898 241 921 aliquis
252 899 280 921 qui
290 899 389 921 periculosis
401 899 511 916 hereticorum
519 898 636 921 questionibus
647 903 675 916 re-

107 924 204 946 sponderet
217 923 306 941 Affirmans
319 924 394 941 similiter
407 924 428 941 de
441 924 525 946 magistris
537 924 578 940 iuris
591 923 646 940 civilis
658 925 676 940 et

108 949 194 971 canonici,
210 948 256 970 quod
266 953 296 971 per
307 953 363 966 eorum
375 948 467 966 absentiam
479 948 574 966 indiscusse
590 949 677 965 manerent

107 973 179 990 omnium
187 973 286 995 litigantium
296 974 400 995 questiones.
412 973 433 991 Et
441 978 462 991 ex
471 974 503 991 iroc
514 973 566 990 nolict
577 972 623 995 quod
634 977 676 994 reg-

108 1002 145 1015 num
155 998 224 1015 Francis
234 999 267 1015 tam
278 999 359 1021 preciosis
367 998 422 1015 xeniis
429 999 526 1021 privaretur.
539 997 565 1015 Ad
578 1002 611 1020 que
621 998 676 1015 omnia

108 1027 152 1045 papa
165 1022 264 1045 responderi
275 1023 322 1046 fecit,
339 1023 384 1045 quod
397 1024 434 1045 ipse
448 1028 481 1040 uon
495 1022 593 1040 intendebat
605 1022 676 1040 eosdem

107 1047 181 1069 prelaios
192 1049 208 1064 et
219 1048 308 1069 magistros
320 1048 336 1065 in
348 1049 393 1065 curia
408 1052 438 1065 sua
449 1049 531 1071 perpetuo
547 1048 632 1070 detinere,
645 1047 676 1064 sed

108 1072 164 1089 habito
176 1077 232 1089 corum
241 1072 313 1089 consilio
324 1077 375 1095 super
383 1074 427 1090 statu
435 1073 483 1094 regui
494 1073 572 1095 Francie,
585 1076 616 1089 eos
630 1074 677 1090 esset
