738 1221
112 58 137 75 lu)
302 65 366 77 asilum
376 64 493 76 comministe-

73 103 107 117 1³⁰²
115 99 184 122 struxit,
193 101 266 117 montem
274 99 336 121 Augga
345 99 461 122 circumdedit,
471 100 560 116 claustrum
569 103 646 116 sororum
654 103 683 115 or-

114 124 158 141 dinis
167 124 281 141 cisterciensis
290 124 370 147 replevit,
382 128 454 141 messem
463 123 540 141 immenti
548 123 653 145 devastavit,
667 125 684 140 et

113 149 201 166 maximum
215 149 303 171 dampnum
316 150 333 166 in
341 149 419 171 Brisgoia
428 148 529 171 pauperihus
542 148 629 165 interebat.
650 147 683 165 Ar-

99 184 101 186 ·
113 174 183 195 gentine
191 173 260 191 Rhenus
269 174 335 191 intravit
344 174 411 191 cellaria
419 174 515 196 inultorum,
531 175 548 191 et
556 178 599 190 unus
609 177 631 190 ex
640 172 683 190 eivi-

114 198 145 216 bus
154 199 215 216 lucium
228 203 307 220 magnum
319 199 337 216 in
350 203 382 216 sno
395 198 462 215 cellario
472 198 600 220 comprehendit.
614 197 683 215 Basilee

113 223 175 240 eodem
183 225 257 245 ternpore
266 223 334 241 Rhenus
347 228 428 245 equorum
437 223 503 240 stabula
515 223 588 240 introivit
599 223 617 240 et
625 226 684 239 eorum

114 248 165 265 dorsa
173 248 223 265 undis
235 248 350 270 perfundebat„
367 248 447 266 Homines
460 248 481 265 de
490 247 608 265 Nuwenbnrcli
621 247 638 264 in
647 247 684 263 Fri-

114 272 185 294 burgum
196 273 265 294 navigio
277 275 367 295 potuerunt
380 273 475 295 pervenire,
490 272 535 294 quod
547 276 602 294 usque
611 271 633 289 ad
641 271 683 289 illud

115 299 181 319 tempus
193 297 246 314 suerat
255 297 351 315 inauditum*
369 298 388 315 111
397 298 484 315 nativitate
493 297 543 315 beate
552 297 626 319 Virginis
635 296 683 318 oapi—

114 322 166 339 tulum
179 322 281 344 provinciale
290 322 357 339 fratrum
369 322 431 339 ordinis
444 322 567 339 Predicatorurn
579 321 609 339 suit
622 322 640 338 111
648 321 684 338 Ba-

115 347 165 369 silea,
175 347 224 364 fratre
233 347 311 364 Johanne
320 347 404 364 existente
414 347 467 369 priore
476 349 528 369 atque
537 343 625 364 d'etinitore
630 359 636 369 ‚
646 346 683 363 sol-

114 372 201 394 lempniter
209 371 316 389 celebratum.
333 372 359 389 Ad
368 372 401 389 hoe
410 372 500 394 capitulum
512 372 624 394 pervenerunt
632 371 683 393 quin-

114 397 161 418 genti
170 397 279 418 septuaginta
283 402 287 418 ς
301 397 323 414 ibi
332 396 398 414 suenint
411 397 454 414 lecte
467 397 521 414 littere
535 396 609 418 mag-istri
619 395 683 413 ordinis

114 421 198 444 ipsorum,
207 421 223 438 111
232 421 293 443 quibas
307 421 403 439 hortabatur
412 426 443 439 eos
452 421 549 444 suppliciter
557 421 600 438 ultro
609 420 683 438 eundum

115 446 136 463 ad
146 446 225 463 barbaros
234 451 266 463 seu
274 447 291 463 in
300 446 388 464 Greeiam.¹
397 446 418 463 Et
429 451 463 463 non
473 446 503 463 t'uit
512 451 556 463 unus
565 446 608 463 inter
616 449 648 463 eos
656 445 684 462 in-

115 473 176 488 ventus
189 471 218 493 11111
230 471 263 488 lieo
275 471 326 488 vellet
339 471 394 488 tacere
403 470 425 488 ad
434 471 479 493 quod
489 471 530 488 ordo
538 471 612 493 ipsorum
621 470 683 492 princi—

114 496 174 517 paliter
192 495 223 512 tuit
239 496 330 513 institutus.
354 496 373 513 lu
390 496 422 513 hoc
437 496 511 518 capitulo
523 495 590 513 inerunt
605 495 684 512 conversi

115 524 146 537 seu
163 520 259 542 begiharffl,
276 520 308 537 hoo
324 522 350 538 est
366 520 425 537 fratres
441 525 476 538 non
493 520 574 543 habentes
594 519 684 541 domicilia,

115 545 220 567 octuaginta,
243 545 260 562 in
273 545 383 567 processione
401 545 516 562 mendicantes
529 545 595 562 cibaria,
617 544 684 562 Castel-

114 570 148 587 lum
156 569 256 587 Herlisheirn
265 574 317 592 prope
330 570 450 587 Columbariam
463 570 568 587 construitur.
588 569 636 587 Circa
648 569 685 586 fes-

115 596 149 611 tum
166 595 220 612 sancti
235 594 334 612 Michahelis
351 594 418 612 obsedit
437 599 466 612 rex
482 595 552 612 FrancIe
567 595 651 612 civitatem
667 593 684 611 in

114 619 201 641 Flandria;
215 621 231 637 et
244 619 301 637 habuit
310 620 327 637 111
337 620 410 637 exercitu
421 625 453 637 suo
463 620 552 642 sexaginta
561 620 611 637 millia
626 623 683 642 equo-

114 649 149 661 rum
167 645 185 661 et
201 644 285 662 hominum
305 645 425 662 multitudinem
442 645 527 662 infinitam⁴
555 644 637 662 Dominus
653 644 684 662 Ai-

115 669 171 686 bertus
186 673 215 686 rex
231 669 298 686 obsedit
310 670 437 692 archiepiscopo
455 670 550 687 'trevirensi
562 670 654 692 civitatem,
667 671 686 687 et

115 693 173 711 babuit
185 694 202 711 111
215 695 289 711 exercitu
302 699 334 712 suo
343 694 476 716 quadringentos
489 698 543 716 equos
557 694 653 716 phaleratos
666 696 685 711 et

115 718 199 735 hominnm
207 719 328 736 multitudinem
341 719 426 736 infinitam.
442 719 491 736 Nono
501 719 533 736 kal.
543 719 619 736 februarii
629 720 646 736 ct
655 723 685 736 se-

115 743 174 765 quenti
183 743 266 765 perierunt
275 744 325 761 vinea
334 745 351 761 et
359 748 421 765 magna
430 748 468 766 pars
477 744 554 761 frumenti
564 745 595 761 ete.
604 743 648 761 Aere
657 744 684 761 vi-

115 772 154 785 num
163 769 213 789 atque
222 768 278 785 debile
287 769 343 785 crevit.
360 768 423 786 Eodem
433 770 507 791 tempore
516 769 559 786 eirca
567 768 629 786 testum
637 768 685 790 Mar-

115 792 144 809 tini
154 792 230 810 dominns
239 793 335 814 Brogilinus
348 793 369 810 de
379 793 487 811 Geroltaeeke
500 794 545 815 cepit
553 795 625 815 quatuor
636 798 684 810 corn-

115 817 231 840 mendatores,
249 817 266 835 id
279 819 306 835 est
322 818 412 840 magistros
429 818 515 836 domorum
528 818 616 840 hospitalis
630 819 685 835 sancti

115 842 207 864 Johannis,
225 847 255 864 pro
267 847 288 859 eo
302 843 347 864 quud
359 845 434 860 emerunt
447 845 519 860 eastrum
532 843 586 860 fratris
599 843 625 860 sui
638 843 685 865 quod

114 867 188 884 vendere
197 872 231 884 uon
240 867 312 885 valebat.
325 867 344 885 111
349 868 454 885 westhusen
463 869 527 885 carrata
535 868 569 885 vini
578 872 608 890 pro
618 870 684 885 centnm

114 891 160 909 libris
169 892 198 909 tali
207 892 303 909 conditione
312 892 425 915 vendebatur,
434 894 453 909 ut
461 897 494 910 una
503 893 544 910 libra
553 893 601 910 annia
611 892 684 914 singulis

115 917 217 938 salver-etun
230 916 289 934 eadem
297 919 362 934 carrata
371 917 410 934 data
419 917 449 934 fuit
457 922 487 939 pro
497 917 555 939 viginti
564 917 609 934 iibri's
614 923 618 939 ;
632 919 684 934 terna

114 941 152 958 viee
161 941 192 958 suit
200 941 239 958 data
248 946 278 964 pro
287 942 336 959 vinea
350 942 371 959 de
385 946 417 964 qua
427 942 459 959 due
468 942 509 959 libre
518 942 623 959 denariorum
631 944 683 965 quot-

115 966 164 983 annis
173 966 286 983 solvebantur.
303 966 377 984 Clericus
387 967 527 984 Columbariensis
539 969 556 984 et
568 967 639 984 clericus
648 967 683 984 Ba-

115 991 189 1008 siliensis
198 995 227 1013 pro
232 991 333 1008 canonicatu
338 991 403 1009 diucius
410 992 506 1014 litigabant3
512 992 528 1009 111
536 992 568 1009 liae
576 992 604 1009 lite
611 992 683 1009 clericus

115 1015 214 1032 Basiliensis
228 1016 331 1038 interficitur5
345 1018 412 1038 propter
421 1016 453 1034 hoo
465 1017 530 1034 iudices
539 1016 643 1034 Basilicnses
656 1017 684 1034 dia

116 1040 154 1057 vina
168 1041 184 1057 111
197 1040 302 1058 Columbaria
316 1041 445 1063 suspenderunt.
467 1041 549 1059 Dominus
562 1041 641 1059 Albertns
656 1046 686 1059 rex

116 1065 226 1082 Romanorum
240 1065 283 1083 circa
295 1065 356 1083 festum
370 1068 428 1083 sancte
438 1066 490 1083 Marie
500 1066 601 1088 Magdalene
611 1071 686 1088 congre-
