738 1221
135 72 156 89 ¹2
322 78 386 90 nnus
396 79 512 91 cetui-iuste.

93 115 127 129 me
136 116 172 131 runt
183 114 199 130 in
208 118 266 131 menso
274 113 318 131 iulio.
331 113 449 130 Decimosexto
458 113 491 130 kair
500 113 556 135 aprilis
567 113 620 135 [marz
630 112 662 136 17]
672 113 702 130 in·-

133 138 212 156 terl'ectus
220 140 247 155 est
257 142 313 156 comes
321 137 342 155 de
351 138 410 155 Gulich
421 138 438 155 in
448 138 514 155 civitate
522 142 555 160 que
565 137 625 155 dicitur
634 137 701 159 Aquis-

133 167 202 185 granum
212 167 249 180 curu
256 162 322 180 duobus
330 162 367 180 [iliis
375 164 392 179 et
401 167 431 179 ccc
438 162 516 180 militibus
528 164 544 180 et
554 167 590 180 cum
599 162 659 180 familia
669 167 703 179 sna

133 187 188 205 multa.
201 187 236 204 Rex
245 187 324 204 Bohemie
330 187 406 209 promisit
414 192 433 204 se
441 187 527 209 pecuniam
533 192 609 209 magnam
618 187 702 204 Teutonie

132 212 234 235 principibus
245 212 329 234 daturum,
340 213 359 229 ιιι
367 216 397 234 pro
405 216 424 229 se
435 214 493 229 contra
504 216 560 234 regem
570 211 657 229 audolfum
670 216 703 233 pro

133 237 197 254 viribus
203 238 305 259 pugnarent5
311 236 356 258 qnod
364 238 381 253 et
390 236 444 254 facere
452 236 567 254 decreverunt.
580 236 616 253 Rex
621 236 703 253 Boliomie

133 261 191 279 decem
203 261 253 278 millia
263 262 331 278 militum
345 261 464 283 congregavit,
480 263 498 278 ιιι
510 266 566 283 regem
578 260 666 278 Rudolfum
679 260 702 277 de

134 286 200 303 Austric
219 286 279 303 tinibus
294 286 391 308 extirparet;
412 285 443 303 sed
459 285 531 303 Domino
548 286 598 303 dante
615 286 702 308 principes

133 311 216 328 exercitus
231 311 328 332 inceperunt
341 310 405 328 fortiter
414 310 519 332 discordare,
535 311 586 328 etsie
597 310 628 327 ruit
642 314 702 327 eorum

133 335 243 357 congregatio
252 335 337 357 dissipata.
347 335 428 352 Dominus
433 340 477 357 papa
486 335 635 352 excommunicavit
642 339 703 352 omnes

133 360 239 377 adversarios
248 360 293 381 regis
303 359 377 382 liudolfi,
391 361 408 377 et
416 360 470 382 ipsum
480 360 595 381 imperatorem
603 359 654 376 Rome
667 364 703 381 pu-

133 385 176 402 blice
186 385 282 402 nominavit.
300 384 371 402 Sorores
385 384 406 401 de
421 386 479 401 saneto
491 384 569 401 Johanne
581 384 643 401 ordinis
659 384 703 401 Pre-

133 409 225 427 dicatorum
234 413 279 426 muro
292 413 310 426 se
323 410 418 432 cinxerunt,
432 409 479 426 cuius
489 409 558 426 altitudo
573 409 627 431 pedes
642 409 704 430 viginti

133 434 207 451 noscitur
218 434 306 455 habuissem
316 435 333 451 et
343 438 414 456 quercus
426 438 448 451 ex
458 438 491 456 qna
503 433 554 451 sedes
567 434 639 456 ecclesie
649 438 703 455 para-

133 459 193 476 bantur
209 458 310 476 dominarum
327 459 343 475 in
359 458 490 475 circumferentia
502 458 554 480 pedes
570 458 704 480 vigintiquatuor

133 483 263 505 comprehendit.
276 483 325 500 Cives
337 483 408 500 oiin'tatis
417 487 449 505 que
458 483 518 500 dicitur
527 482 651 505 aquisgranum
660 487 704 499 cas—

134 510 176 525 trum
188 507 272 529 quoddam
284 512 321 525 cum
334 507 429 525 horninibus
442 509 531 530 ceperunt,
544 512 565 525 ex
577 507 637 530 quibus
649 508 703 529 quin-

134 532 187 550 decim
196 532 257 554 gladiis
271 532 369 549 occiderunt
373 545 377 554 ‚
388 532 462 554 reliquos
474 537 515 550 vero
526 533 587 549 carceri
595 532 704 554 deputarunt.

133 557 199 574 Domini
212 557 233 574 de
247 556 330 579 Horbum,
350 557 378 574 lilii
396 557 412 574 S.
426 557 488 574 sororis
505 557 569 574 comitis
586 556 703 579 Phirretarurn,

134 583 207 603 cognato
217 586 248 598 suo
257 581 385 599 reconciliantur
394 583 410 599 et
418 582 435 598 in
443 581 523 599 Alsatiam
532 583 639 599 revertuntur.
656 581 704 598 Obiit

134 611 190 624 comes
199 606 220 624 de
230 606 300 629 Werde,
309 607 337 628 qui
345 611 354 623 a
361 608 413 624 matre
424 611 455 624 sua
465 611 499 624 non
507 606 550 624 lilius
562 611 603 624 suus
612 603 645 623 'sed
657 606 703 623 filius

134 631 236 649 molcdinarii
243 631 294 649 fuisse
303 631 389 649 dicebatur
392 637 396 654 ς
407 631 440 649 hoc
446 631 486 649 ideo
494 631 570 654 probavit
578 631 630 648 fratris
639 631 702 653 dispo—

134 656 173 673 sitio
182 656 257 678 corporis
269 658 284 673 et
295 658 357 673 natura.
374 656 451 673 Rusticus
463 656 529 678 quidam
540 656 561 673 de
571 656 647 677 Viliugen
657 660 703 672 can-

135 681 177 698 dens
187 681 247 698 serrum
255 681 325 703 portavit
336 680 381 698 nuda
389 686 437 698 manu
447 681 483 698 sine
495 681 569 703 corporis
582 680 653 697 lesione.
666 679 704 697 Rex

134 705 213 722 Bohemie
226 706 306 727 pugnavit
319 710 355 723 cum
368 710 408 727 rege
418 705 529 723 Romanorum
542 710 594 728 prope
606 705 704 727 wiennam,

134 731 150 747 ei
161 729 258 747 interiectus
268 731 295 747 est
301 730 344 752 ipse,
352 731 413 747 etcum
423 735 444 747 eo
454 730 579 752 quatuordecim
586 730 637 747 millia
645 729 703 746 homi-

134 759 182 776 num,
193 756 212 771 ut
219 755 327 772 communiter
339 754 429 772 dicebatur.
446 754 546 772 Interiectus
556 756 582 772 est
591 754 667 772 dominus
681 754 703 771 de

134 779 213 796 Echerich
222 781 238 796 et
245 779 323 796 dominus
329 779 350 796 de
354 778 424 802 Apiaco.
434 778 478 796 Obiit
485 779 621 802 archiepiscopus
626 778 704 796 Cantuu-

134 804 194 821 riensis
204 803 302 826 cardinalis,
312 803 363 821 frater
375 804 438 821 ordinis
450 804 578 821 Predicatorum.
595 803 640 821 Obiit
651 803 704 821 frater

134 828 215 845 Martinus
225 828 287 846 domini
295 833 338 851 pape
347 828 375 846 diu
384 829 516 851 penitentiarius,
527 829 664 851 archiepiscopus
674 828 704 845 su-

134 854 171 870 ctus
181 853 198 870 iu
207 866 280 870 .......
297 852 342 870 Obiit
351 853 401 871 frater
411 853 475 870 Probus
486 853 593 875 provincialis
604 853 625 870 de
639 857 657 870 nr
662 852 704 870 dine

134 877 223 895 Minorum.
239 878 320 895 Dominus
333 882 376 900 pape
390 878 443 895 factus
455 879 482 895 est
490 879 582 900 perpetuus
593 877 704 895 senatorRo-

134 907 198 925 manus,
207 904 224 919 et
231 902 300 919 Carolus
307 903 359 920 cessit
366 903 388 925 ei,
397 904 415 920 et
421 902 487 924 reliquit
494 903 509 920 ei
516 903 571 920 omnia
581 907 614 924 que
621 902 704 919 babuerat

134 928 151 944 et
159 927 258 949 spectabant
265 927 286 944 ad
293 927 356 944 sedem.
369 927 450 944 Dominus
457 927 478 944 de
490 927 542 944 Gliers
550 927 610 944 vallem
618 927 703 948 Sergowe

134 951 235 974 depredatur
244 953 260 969 et
272 953 306 969 tres
316 951 382 969 nobiles
391 951 477 969 interfecit.
491 952 541 969 Festo
552 951 624 969 Simonis
633 953 650 969 et
656 951 703 969 Jude

133 976 200 993 intravit
210 981 253 993 conv
255 978 303 993 entus
317 976 383 993 fratrum
397 976 460 994 ordinis
471 976 607 994 Predicatorum'
603 981 620 993 m
631 976 702 993 Colum-

134 1001 195 1018 barium
212 1001 228 1018 in
245 1001 310 1018 domum
324 1006 370 1018 suam
384 1006 394 1018 a
404 1001 476 1023 capitulo
487 1003 578 1023 receptam
594 1003 611 1018 et
623 1002 703 1023 receptus

134 1025 164 1043 fuit
177 1030 188 1042 a
203 1026 289 1043 canonicis
302 1030 312 1043 a
327 1025 398 1043 dominis
414 1026 468 1043 sancti
479 1026 550 1043 Joannis
563 1026 635 1048 baptiste
649 1027 665 1042 et
680 1025 703 1042 ab

134 1050 241 1068 universitate
255 1050 327 1067 civitatis
341 1050 446 1068 laudabiliter
460 1052 477 1067 et
493 1051 570 1068 honeste.
595 1050 665 1071 Quidam
681 1050 703 1067 de

136 1075 207 1092 Wienna
216 1077 302 1097 venerunt,
311 1077 328 1092 et
336 1075 412 1093 dixerunt
421 1075 465 1097 quod
475 1080 504 1092 rex
511 1074 593 1092 liudolfus
601 1075 662 1092 multos
669 1075 703 1092 mi-
