738 1221
229 72 297 84 mmm
308 72 339 84 en.
350 73 382 85 Αιν.
393 73 444 84 cotos.
582 66 618 83 275

54 111 87 124 sum
100 107 144 124 illum
158 107 256 130 triumphum
269 107 314 130 apud
326 107 443 125 Andemaeum
455 112 492 125 eum
505 112 557 130 per-va
569 113 619 125 manu

53 132 72 149 tle
81 132 155 149 Bawaris
169 134 186 149 et
194 132 256 149 Suevis
264 133 334 154 peregit.
349 132 387 149 Fuit
399 134 453 150 autem
465 133 568 155 temporibus
579 137 618 155 pre-

53 156 90 174 dicti
99 157 173 174 Heinrioi
186 157 290 179 imperatoris
302 159 319 174 et
329 157 356 174 lilii
366 157 403 174 eius
412 157 485 174 l-leinriei
495 158 547 179 quinti
556 159 573 175 et
581 158 618 175 Lo-

52 181 109 204 thurii,
125 186 173 204 quern
187 182 224 204 ipse
237 182 307 199 Colonie
316 182 363 199 unxit
375 182 391 199 in
405 186 462 203 regem
475 187 508 199 una
521 187 558 199 eum
566 187 618 200 uxore

52 207 86 224 eius
95 206 181 224 Riehinza.
194 206 242 224 Sedit
251 207 299 224 annis
307 207 363 224 xxxiii.
377 206 422 224 Obiit
429 207 446 223 in
455 207 526 224 castello
533 207 619 224 Wolken—

52 231 102 248 burch
111 231 157 253 quod
166 232 203 254 ipse
212 233 327 249 construxerat
336 230 347 249 ¹.
363 231 443 254 Sepultus
450 236 518 254 quoque
528 233 555 249 est
563 233 579 250 in
587 237 619 249 ea-

52 256 110 278 pitolio
119 256 246 278 Sigebergensi.

87 281 156 298 xxxviii.
165 281 226 298 Bruno.
237 281 273 299 Nee
282 281 319 304 ipse
327 281 410 299 canonice
419 282 534 304 episeoputnm
543 281 620 304 adeptus.

52 305 92 323 Nam
101 308 142 328 post
150 306 211 323 obitum
220 306 279 329 prefati
288 306 366 324 Friderie'i
379 307 451 323 maiores
464 308 481 324 et
491 307 575 329 capitanei
584 307 620 324 ele-

53 332 113 352 gerunt
125 331 224 348 unanimiter
233 331 340 349 Godesridum
351 332 454 354 prepositum
467 331 578 354 Xantensem,
593 332 620 349 Vi-

53 360 86 373 rum
95 356 185 373 honestum
194 358 211 373 et
220 356 324 378 prudentem.
336 356 357 373 Et
365 356 450 378 pendente
460 356 569 379 ordinatione,
579 361 620 378 pre—

54 380 107 398 dictus
116 380 173 398 Bruno
183 381 253 398 oonsilio
262 381 393 403 propinquorum
402 385 470 398 suorum
476 383 547 398 vocatus
554 381 620 398 eFran-

54 405 83 428 eia,
92 405 121 422 ubi
130 407 173 423 tune
179 405 234 423 studio
243 406 319 423 doctrine
327 406 404 428 vambat,
413 406 513 428 quibusdam
521 406 553 423 sibl
561 406 621 423 faven-

54 430 97 447 tibus
110 430 184 448 schisma
196 431 213 447 in
225 431 271 448 clero
284 432 301 448 et
313 431 377 453 populo
393 435 423 453 pro
437 430 465 448 tali
478 431 560 448 electione
576 430 621 448 feeit.

55 454 92 472 Erat
101 455 146 472 enirn
155 456 195 472 mire
204 455 281 473 facundie
292 457 309 473 et
317 456 410 478 sophistice
422 455 511 473 locutionis
524 456 564 472 nulli
572 457 621 478 post-

54 479 147 502 ponendus.
167 480 226 502 Itaque
234 480 328 498 invidorum
340 482 357 497 et
369 480 416 503 pacis
425 480 526 497 inimieorum
538 484 621 502 perseve-

55 506 100 522 rante
110 504 200 527 discordia,
209 507 278 522 cassata
286 507 313 522 est
321 505 349 522 illu
356 506 438 523 canonica
446 505 511 528 eleetio,
520 506 537 522 et
543 506 622 527 presente

54 529 153 552 imperatore
162 530 240 547 Loth-riu
254 530 297 547 idem
306 530 362 548 Brune
375 532 402 547 est
413 530 531 553 intronizatus,
543 530 582 547 lieet
592 534 622 547 ea-

55 554 97 571 dueo
106 554 165 572 morbo
174 555 263 572 laboraret.
275 555 341 572 Deinde
350 559 387 572 euru
396 555 485 577 imperator
493 555 583 572 Letharins
591 559 622 572 ex-

55 578 156 601 peditionem
165 580 181 596 in
190 579 253 597 Italiam
262 581 279 597 et
288 579 380 597 Calabriam
389 579 486 602 indixisset,
502 584 539 597 cum
548 584 569 597 eo
578 579 622 597 idem

55 604 147 628 episeopus
160 604 199 627 ivit,
215 606 232 622 et
241 605 258 622 in
271 604 331 622 diebus
346 605 466 627 penthecostes
479 603 537 627 [1137
547 604 579 621 mai
589 603 621 627 30]

56 629 99 651 apud
108 629 169 646 Barurn
178 629 261 646 civitatem
271 631 349 652 presente
361 630 461 652 imperatore
470 629 516 646 obiit.
534 629 559 646 [hi
567 629 622 646 statim

55 653 104 675 nugo
114 654 189 671 deeanus
198 655 252 672 saneti
261 654 304 671 Petri
313 654 382 672 Colonie
395 654 417 671 ab
429 654 523 676 apostolico
532 658 623 671 eonsecra-

55 680 87 701 tur,
102 679 217 701 episcopatum
232 684 321 701 numquam
335 679 431 702 adepturus*
452 678 493 696 Nam
506 680 545 701 post
558 683 623 701 paucus

55 703 91 720 dies
100 703 146 726 apud
155 703 226 721 eandem
235 704 293 721 urbem
302 704 351 727 obiit7
360 704 417 726 ibique
425 708 462 721 eum
471 703 535 726 prefato
544 704 623 721 Brunone

56 728 132 750 sepultus
141 730 172 745 est.

91 753 166 770 xxxviiii.
175 752 260 771 Arnoldus
269 754 364 776 prepositus
374 754 427 771 saneti
435 753 509 771 Andree.
526 753 557 771 Hie
566 753 583 770 in
590 757 623 770 ox-

57 778 104 795 ordio
117 777 206 795 admodum
220 780 269 800 aptus
282 780 299 796 et
307 779 378 796 idoneus
387 779 434 796 visus
447 780 483 801 est,
496 778 518 795 ad
533 780 623 795 extremum

55 807 95 820 vero
108 802 210 825 depravatus
223 805 257 825 est,
274 804 373 826 cunctisque
386 803 467 820 vilescere
480 803 528 825 cepit
547 803 589 820 Nam
601 803 623 820 de

56 828 127 845 suueuia
136 827 181 850 apud
189 828 300 850 apostolieum
309 828 401 850 Eugenium
408 828 505 849 infamatus,
515 827 536 844 al>
546 832 567 845 eo
576 832 586 844 a
595 827 624 845 di-

55 853 94 870 vino
104 852 161 869 officio
171 856 265 875 suspensus
274 854 305 870 est.
322 853 369 870 Sedit
378 853 427 870 annis
436 852 520 870 tredecim.
533 852 570 869 Fuit
579 854 624 870 tem-

55 881 94 900 pore
112 877 185 894 Conradi
204 878 247 895 tertii
265 877 375 895 Romanorum
391 878 440 900 regis.
466 877 545 900 Sepultus
563 879 589 894 est
602 876 623 894 ad

56 903 131 920 sanetum
140 901 229 919 Andream.

92 927 114 944 xl,
123 926 208 944 Aruoldus
217 928 313 950 prepositus
322 928 376 945 saneti
385 927 436 950 Petri,
451 927 477 944 vir
488 928 570 949 probitate
579 931 624 944 uon·-

56 952 124 974 spieuus
138 953 155 969 et
163 952 261 969 Coloniensi
272 952 345 970 eeelesie
359 953 400 969 satis
409 952 454 969 utilis
463 953 479 969 et
487 952 563 970 idoneus⁴
583 952 624 969 Cum

57 977 155 999 imperatore
164 976 249 995 Frideriee
257 977 325 994 Romam
334 977 428 999 profectus,
441 977 512 994 consilio
521 979 539 995 et
547 977 624 1000 prudeu-

58 1002 79 1018 tia
88 1001 126 1024 plus
135 1002 185 1018 armis
194 1004 221 1019 est
229 1003 313 1024 operatus.
327 1002 409 1019 violentis
419 1001 518 1025 resistebat,
529 1003 624 1020 eeclesias-

58 1026 89 1043 tiea
98 1027 133 1043 iura
142 1026 249 1044 defendebat.
262 1027 310 1044 Sedit
318 1027 367 1044 aunis
376 1027 451 1049 quinque
460 1026 491 1044 suh
500 1026 584 1045 Friderieo
593 1027 624 1044 im-

59 1052 137 1092 ι’.ἠῢῃῐιῖιὶῐιιιίιίι
148 1061 169 1076 bis
178 1064 271 1076 construxerat
283 1062 316 1076 fehlt
328 1063 341 1076 in
354 1062 379 1076 der
393 1062 412 1076 hs.
425 1062 449 1076 des
460 1062 533 1078 Gelenius.
544 1062 579 1076 stelit
592 1062 625 1076 abt-r

500 1101 525 1114 18*
