738 1221
232 75 251 87 ax
262 75 345 87 nonnanis>
355 75 443 87 cor-onaret.
586 69 621 87 355

55 110 81 127 die
90 110 116 127 his
128 109 232 133 perdurans,
244 110 288 127 utin
301 109 375 132 pluribus
384 110 427 127 locls
436 109 527 127 edificia'et
536 111 619 129 ecclesiae
630 116 662 130 1222

56 136 147 157 everteret,
160 135 236 152 homines
250 139 287 152 cura
299 134 415 152 sacerdotibus
429 135 537 158 opprimeret,
550 135 622 153 Brixiam

56 164 123 182 quoque
132 160 216 177 civitatem
225 160 261 177 fere
270 161 320 176 totam
329 164 366 176 aum
376 159 438 182 populo
448 159 529 183 obrueret,
539 165 589 182 rupes
600 161 622 178 de

55 184 140 202 montibus
149 184 237 207 evelleret,
247 186 301 201 castra
311 184 392 206 deiceret,
402 185 419 201 et
427 185 452 201 sic
460 185 544 202 inauditas
554 185 621 202 calami-

55 211 97 226 tates
110 210 128 226 et
139 209 215 226 miserias
226 210 333 231 perpetraret.
346 209 398 226 Rome
411 209 461 226 etiam
470 211 513 227 terra
521 210 571 227 mixta
580 215 622 227 sari-

54 234 106 256 guiue
115 234 153 251 visa
162 235 189 251 est
197 233 218 251 de
227 233 299 251 nubibus
309 234 371 256 pluere.

92 259 132 280 lpso
142 259 194 275 eciam
205 263 249 276 anno
259 258 371 275 Waldimarus
380 263 409 275 rex
417 258 470 275 Dacie
479 263 489 275 a
498 259 559 276 comite
568 259 621 277 Hein-

54 284 88 300 rico
98 283 119 300 de
129 283 205 300 Sciurinh
214 287 251 300 eum
261 283 294 300 alio
304 287 335 300 suo
345 283 439 300 mirabiliter
448 283 517 307 capitur,
526 286 543 301 et
552 284 568 301 iu
577 289 622 307 quo-

54 308 93 326 dam
103 308 195 325 fortissimo
204 310 259 325 castro
269 308 290 325 ab
299 308 358 325 eodem
368 308 444 325 custodie
453 309 559 331 mancipatur.

91 333 143 350 Auno
156 333 217 350 domini
226 333 323 350 m.co.xx.iii.
332 332 417 350 Honorius
426 337 470 355 papa
479 333 535 351 missis
544 333 621 356 predica-

53 357 118 375 toribus
131 358 260 379 circumquaque
271 361 336 375 crucem
345 357 432 379 predicare
441 357 518 375 fidelibus
527 358 586 375 iterum
594 359 621 376 iu-

53 382 88 405 bet,
95 382 196 399 denuntians
204 382 280 399 omnihus
289 384 350 404 utpost
357 382 441 399 biennium
448 382 465 399 iu
473 383 560 400 nativitate
566 384 622 400 sancti

53 407 137 424 Jchannis
146 407 219 429 baptiste
228 406 272 429 [iuni
281 406 314 430 24]
324 411 360 424 cuin
369 407 445 428 glorioso
454 407 553 429 imperatore
562 408 621 425 Fride-

52 432 89 449 τίω
98 432 151 454 parati
158 432 191 449 sint
199 436 243 449 mare
251 432 325 449 transire.
333 432 428 454 Imperatori
437 431 520 449 Friderioc
525 432 621 454 desponsa-

52 458 80 474 tur
87 457 121 474 iilia
128 456 211 473 Jchaunis
222 456 268 478 regis
279 456 413 473 Jerosolimitani.
420 456 484 473 Eodem
493 461 537 474 anno
547 458 621 474 mortuus

52 483 80 499 est
89 481 174 503 Philippus
183 485 212 498 rex
218 480 291 503 Francia,
301 481 322 498 ad
330 481 445 498 liberationem
453 482 496 498 terre
505 483 563 498 sancte
573 486 583 499 c
591 482 621 499 etl

51 506 98 523 milia
107 510 197 523 marcarum
206 506 271 527 legans.
285 505 326 523 Item
335 506 373 528 ipso
381 510 425 523 annu
433 506 521 523 Heinricus
528 506 583 523 iunior
589 511 619 524 rex

51 530 145 548 Northusin
151 531 212 548 curiam
220 530 282 548 habuit.
289 530 320 548 Uhi
329 530 350 547 ab
357 530 455 552 Engilberto
462 530 559 548 Coloniensi
566 531 621 548 archi·-

52 556 135 578 episccpc
142 560 172 577 pro
179 555 285 572 absolutione
293 556 337 577 regis
347 555 398 572 Dacie
407 555 475 572 multum
484 555 577 573 laboratum
585 556 620 573 suit.

91 580 141 597 Anno
150 580 212 597 domini
221 580 323 597 m.cc.xx.iiii.
332 579 420 597 Heinricus
429 580 484 597 iunior
492 584 521 597 rex
530 581 574 597 circa
582 585 620 597 me-

53 605 99 622 dium
108 604 168 622 maium
177 604 286 622 Frankinvori
295 605 356 622 curiam
365 604 428 622 hahuit.
441 605 473 622 Ubi
482 605 538 622 nuncii
547 605 620 628 impera—

52 630 95 647 toris
104 634 141 646 cum
150 629 208 646 litteris
217 630 270 652 ipsius
280 629 370 652 affuerunt,
382 630 477 646 intimantes
486 630 522 651 regi
531 631 548 647 et
556 630 620 652 princi-

52 654 103 677 pibus
112 653 229 671 Hen'mannum
241 655 337 676 magistrum
347 654 434 676 hospitalis
444 656 502 671 sancte
511 654 563 671 Marte
573 655 620 672 Tau-

51 680 146 696 touicorum
154 679 171 696 iu
181 679 269 701 epiphania
278 679 339 696 domini
348 679 365 696 iu
371 679 427 696 Sicilia
435 679 457 695 ad
464 679 580 701 imperatorem
588 683 620 696 ve-

52 704 106 726 nisse,
116 705 133 721 et
140 703 161 721 de
166 707 248 721 succursu
257 706 300 721 terre
309 705 368 721 sancte
377 703 398 721 ad
408 703 440 721 hoc
449 708 487 720 eum
497 703 593 726 induxisse,
602 705 621 721 ut

52 729 133 746 continuo
146 728 216 745 Pharum
228 728 325 751 disponeret
337 729 407 745 transire
420 730 437 745 et
449 732 509 745 versus
521 728 620 746 'teutoniam

52 754 123 775 venire,
134 755 151 770 et
164 757 200 770 cum
210 753 313 775 principibus
322 753 343 770 de
352 757 435 775 processu
444 757 475 770 suo
485 755 502 770 et
510 754 552 770 terre
561 755 619 770 sancte

52 779 123 800 negotio
133 777 213 795 ordinare.
227 778 287 795 Verum
296 778 366 795 audiens
375 778 472 800 imperator,
482 778 584 795 Sarracenos
591 779 620 800 qui

52 803 69 819 iu
81 804 139 820 monte
151 802 219 819 Platano
231 802 315 825 habitant,
327 803 371 820 velle
384 807 403 819 se
415 806 446 819 sue
458 803 514 823 gracie
524 803 620 825 subiugum,

53 828 97 844 misit
105 831 137 849 pro
146 827 248 844 marescalco
258 832 289 844 suo
299 828 315 844 ia
324 827 412 844 obsidione
422 827 520 849 antistitum,
529 827 589 844 volens
598 827 620 844 ab

53 856 74 869 eo
81 852 185 874 investigare
194 852 215 869 de
224 853 268 869 statu
278 852 406 869 Sarracenorum
416 851 521 873 diligencius.
536 851 561 868 Oh
570 856 619 873 quam

53 881 121 894 causam
135 877 205 894 Pharum
218 877 288 894 transire
300 876 373 898 distulit,
385 877 440 898 ipsum
451 876 569 893 nortmannum
580 881 620 898 pre-

53 901 115 919 dictum
124 906 155 924 pro
164 903 223 919 sancte
233 902 275 919 terre
284 901 370 924 principali
380 901 452 918 tuicione
461 905 481 918 ac
490 901 554 923 imperii
563 905 620 923 nego-

52 927 82 943 ciis
94 926 112 943 in
124 926 240 943 Alemanniam
252 927 354 948 premittens.
367 926 404 943 Hoc
415 926 469 943 eciam
477 926 520 943 inter
528 927 584 943 cetera
593 926 620 943 in-

53 951 136 973 timantes,
146 951 191 973 quod
200 951 278 968 dominus
285 951 374 973 imperator
380 950 401 968 ad
408 954 505 968 succursum
513 952 554 967 terre
561 952 620 968 sancte

52 976 174 998 quinquaginta
182 980 236 993 naves
245 975 302 993 fecerit
310 976 395 998 preparari
403 980 436 997 que
445 975 511 992 usserie
520 980 620 997 nuncupan-

52 1002 86 1023 tur‚
99 1004 168 1022 quarum
180 1000 277 1022 magnitudo
290 1002 335 1017 tante
344 1000 443 1022 capacitatis
452 1000 491 1021 erit,
501 1001 519 1016 ut
527 1000 561 1017 duo
570 1000 619 1017 millia

52 1025 119 1042 militurn
129 1030 166 1042 cum
175 1025 262 1042 dextrariis
272 1026 307 1042 suis
316 1027 332 1042 et
339 1025 411 1042 omniurn
418 1029 500 1042 armorum
507 1029 574 1042 suorum
580 1029 620 1047 per-

53 1050 134 1073 tinentiis,
145 1051 162 1067 et
174 1051 251 1072 preterea
259 1050 318 1067 decem
329 1050 380 1067 millia
389 1050 458 1066 aliorum
467 1049 551 1066 hominum
560 1049 620 1066 valen-

53 1074 92 1092 tium
104 1074 126 1092 ad
137 1079 211 1097 pugnam
225 1076 242 1092 et
254 1074 275 1092 ad
287 1074 331 1092 bella
340 1079 377 1092 cum
386 1074 435 1091 armis
445 1074 480 1091 suis
489 1074 506 1090 in
515 1074 578 1091 eisdem
587 1078 619 1091 us-

493 1100 521 1114 πμ
