<?xml version="1.0" encoding="UTF-8"?>
<!DOCTYPE html PUBLIC "-//W3C//DTD XHTML 1.0 Transitional//EN"
    "http://www.w3.org/TR/xhtml1/DTD/xhtml1-transitional.dtd">
<html xmlns="http://www.w3.org/1999/xhtml" xml:lang="en" lang="en">
 <head>
  <title>
</title>
<meta http-equiv="Content-Type" content="text/html;charset=utf-8" />
  <meta name='ocr-system' content='tesseract 3.04.00' />
  <meta name='ocr-capabilities' content='ocr_page ocr_carea ocr_par ocr_line ocrx_word'/>
</head>
<body>
  <div class='ocr_page' id='page_1' title='image "./fontesrerumgerm05hubegoog_0282.png"; bbox 0 0 738 1221; ppageno 0'>
   <div class='ocr_carea' id='block_1_1' title="bbox 223 55 612 75">
    <p class='ocr_par' dir='ltr' id='par_1_1' title="bbox 223 55 612 75">
     <span class='ocr_line' id='line_1_1' title="bbox 223 55 612 75; baseline -0.003 -1"><span class='ocrx_word' id='word_1_1' title='bbox 223 62 309 75; x_wconf 67' lang='lat' dir='ltr'>numn&#39;u</span> <span class='ocrx_word' id='word_1_2' title='bbox 320 62 437 75; x_wconf 73' lang='lat' dir='ltr'>wounriznsu.</span> <span class='ocrx_word' id='word_1_3' title='bbox 579 55 612 73; x_wconf 76' lang='lat'>²21</span> 
     </span>
    </p>
   </div>
   <div class='ocr_carea' id='block_1_2' title="bbox 84 104 616 206">
    <p class='ocr_par' dir='ltr' id='par_1_2' title="bbox 84 104 616 206">
     <span class='ocr_line' id='line_1_2' title="bbox 84 104 615 124; baseline 0.002 -4"><span class='ocrx_word' id='word_1_4' title='bbox 84 106 97 121; x_wconf 91' lang='grc'>7,</span> <span class='ocrx_word' id='word_1_5' title='bbox 108 104 173 121; x_wconf 70' lang='lat' dir='ltr'>Laudolf</span> <span class='ocrx_word' id='word_1_6' title='bbox 187 104 216 120; x_wconf 82' lang='lat' dir='ltr'>der</span> <span class='ocrx_word' id='word_1_7' title='bbox 226 104 273 121; x_wconf 66' lang='lat' dir='ltr'>decan</span> <span class='ocrx_word' id='word_1_8' title='bbox 284 104 316 120; x_wconf 88' lang='lat' dir='ltr'>und</span> <span class='ocrx_word' id='word_1_9' title='bbox 327 104 355 120; x_wconf 80' lang='lat' dir='ltr'>des</span> <span class='ocrx_word' id='word_1_10' title='bbox 366 104 456 124; x_wconf 71' lang='lat' dir='ltr'>‹lerueapltel</span> <span class='ocrx_word' id='word_1_11' title='bbox 467 109 486 120; x_wconf 93' lang='lat' dir='ltr'>zu</span> <span class='ocrx_word' id='word_1_12' title='bbox 497 105 558 121; x_wconf 83' lang='lat' dir='ltr'>Worms</span> <span class='ocrx_word' id='word_1_13' title='bbox 569 105 615 121; x_wconf 83' lang='lat' dir='ltr'>lreur-</span> 
     </span>
     <span class='ocr_line' id='line_1_3' title="bbox 106 125 615 144; baseline 0.002 -3"><span class='ocrx_word' id='word_1_14' title='bbox 106 126 168 141; x_wconf 77' lang='lat' dir='ltr'>kundeu</span> <span class='ocrx_word' id='word_1_15' title='bbox 185 125 210 141; x_wconf 79' lang='lat' dir='ltr'>dle</span> <span class='ocrx_word' id='word_1_16' title='bbox 222 126 250 141; x_wconf 82' lang='lat' dir='ltr'>mit</span> <span class='ocrx_word' id='word_1_17' title='bbox 266 125 369 144; x_wconf 72' lang='lat' dir='ltr'>einwllliguug</span> <span class='ocrx_word' id='word_1_18' title='bbox 383 125 411 141; x_wconf 85' lang='lat' dir='ltr'>des</span> <span class='ocrx_word' id='word_1_19' title='bbox 426 125 480 144; x_wconf 72' lang='lat' dir='ltr'>kunigs</span> <span class='ocrx_word' id='word_1_20' title='bbox 493 126 570 142; x_wconf 78' lang='lat' dir='ltr'>zwlseben</span> <span class='ocrx_word' id='word_1_21' title='bbox 581 126 615 142; x_wconf 81' lang='lat' dir='ltr'>dem</span> 
     </span>
     <span class='ocr_line' id='line_1_4' title="bbox 107 146 616 165; baseline 0.002 -3"><span class='ocrx_word' id='word_1_22' title='bbox 107 146 169 162; x_wconf 74' lang='lat' dir='ltr'>bisehof</span> <span class='ocrx_word' id='word_1_23' title='bbox 181 146 252 162; x_wconf 74' lang='lat' dir='ltr'>Heinrich</span> <span class='ocrx_word' id='word_1_24' title='bbox 268 146 298 161; x_wconf 90' lang='lat' dir='ltr'>und</span> <span class='ocrx_word' id='word_1_25' title='bbox 314 146 343 162; x_wconf 85' lang='lat' dir='ltr'>den</span> <span class='ocrx_word' id='word_1_26' title='bbox 354 146 420 165; x_wconf 77' lang='lat' dir='ltr'>burgeru</span> <span class='ocrx_word' id='word_1_27' title='bbox 431 150 461 162; x_wconf 88' lang='lat' dir='ltr'>von</span> <span class='ocrx_word' id='word_1_28' title='bbox 472 146 532 162; x_wconf 79' lang='lat' dir='ltr'>Wcruis</span> <span class='ocrx_word' id='word_1_29' title='bbox 543 147 580 163; x_wconf 79' lang='lat' dir='ltr'>tiber</span> <span class='ocrx_word' id='word_1_30' title='bbox 591 147 616 163; x_wconf 83' lang='lat' dir='ltr'>die</span> 
     </span>
     <span class='ocr_line' id='line_1_5' title="bbox 107 166 615 186; baseline 0.004 -4"><span class='ocrx_word' id='word_1_31' title='bbox 107 167 194 185; x_wconf 73' lang='lat' dir='ltr'>bestelluug</span> <span class='ocrx_word' id='word_1_32' title='bbox 205 166 232 182; x_wconf 83' lang='lat' dir='ltr'>des</span> <span class='ocrx_word' id='word_1_33' title='bbox 243 166 314 185; x_wconf 73' lang='lat' dir='ltr'>dorttgeu</span> <span class='ocrx_word' id='word_1_34' title='bbox 325 166 412 182; x_wconf 78' lang='lat' dir='ltr'>stndtratbs</span> <span class='ocrx_word' id='word_1_35' title='bbox 422 167 450 182; x_wconf 84' lang='lat' dir='ltr'>mit</span> <span class='ocrx_word' id='word_1_36' title='bbox 460 170 500 182; x_wconf 86' lang='lat' dir='ltr'>ueuu</span> <span class='ocrx_word' id='word_1_37' title='bbox 509 167 576 186; x_wconf 74' lang='lat' dir='ltr'>bui-geru</span> <span class='ocrx_word' id='word_1_38' title='bbox 584 168 615 184; x_wconf 89' lang='lat' dir='ltr'>uud</span> 
     </span>
     <span class='ocr_line' id='line_1_6' title="bbox 107 186 594 206; baseline 0.002 -3"><span class='ocrx_word' id='word_1_39' title='bbox 107 187 152 203; x_wconf 84' lang='lat' dir='ltr'>sechs</span> <span class='ocrx_word' id='word_1_40' title='bbox 163 188 219 203; x_wconf 83' lang='lat' dir='ltr'>ritteru</span> <span class='ocrx_word' id='word_1_41' title='bbox 229 187 338 206; x_wconf 77' lang='lat' dir='ltr'>gescblossene</span> <span class='ocrx_word' id='word_1_42' title='bbox 349 186 463 203; x_wconf 75' lang='lat' dir='ltr'>ilbereiukuuft.</span> <span class='ocrx_word' id='word_1_43' title='bbox 478 188 517 203; x_wconf 78' lang='lat'>123³</span> <span class='ocrx_word' id='word_1_44' title='bbox 527 187 558 203; x_wconf 76' lang='lat' dir='ltr'>feb.</span> <span class='ocrx_word' id='word_1_45' title='bbox 569 189 594 204; x_wconf 79' lang='lat'>2⁷.</span> 
     </span>
    </p>
   </div>
   <div class='ocr_carea' id='block_1_3' title="bbox 44 221 616 1088">
    <p class='ocr_par' dir='ltr' id='par_1_3' title="bbox 44 221 616 1088">
     <span class='ocr_line' id='line_1_7' title="bbox 85 221 615 243; baseline -0.002 -4"><span class='ocrx_word' id='word_1_46' title='bbox 85 221 177 239; x_wconf 73' lang='lat' dir='ltr'>Landolrus</span> <span class='ocrx_word' id='word_1_47' title='bbox 191 221 265 239; x_wconf 72' lang='lat' dir='ltr'>decenus</span> <span class='ocrx_word' id='word_1_48' title='bbox 278 223 295 238; x_wconf 92' lang='lat' dir='ltr'>et</span> <span class='ocrx_word' id='word_1_49' title='bbox 303 221 393 243; x_wconf 80' lang='lat' dir='ltr'>capitulum</span> <span class='ocrx_word' id='word_1_50' title='bbox 403 221 470 238; x_wconf 76' lang='lat' dir='ltr'>maioris</span> <span class='ocrx_word' id='word_1_51' title='bbox 479 221 552 239; x_wconf 77' lang='lat' dir='ltr'>ecclesie</span> <span class='ocrx_word' id='word_1_52' title='bbox 562 222 615 239; x_wconf 74' lang='lat' dir='ltr'>War-</span> 
     </span>
     <span class='ocr_line' id='line_1_8' title="bbox 52 246 616 268; baseline 0 -5"><span class='ocrx_word' id='word_1_53' title='bbox 52 247 138 264; x_wconf 72' lang='lat' dir='ltr'>matiensis.</span> <span class='ocrx_word' id='word_1_54' title='bbox 151 247 238 264; x_wconf 86' lang='lat' dir='ltr'>Universis</span> <span class='ocrx_word' id='word_1_55' title='bbox 251 246 295 263; x_wconf 80' lang='lat' dir='ltr'>linuc</span> <span class='ocrx_word' id='word_1_56' title='bbox 304 246 383 268; x_wconf 76' lang='lat' dir='ltr'><strong>paginam</strong></span> <span class='ocrx_word' id='word_1_57' title='bbox 392 246 498 263; x_wconf 72' lang='lat' dir='ltr'>cernentibus</span> <span class='ocrx_word' id='word_1_58' title='bbox 508 246 557 263; x_wconf 82' lang='lat' dir='ltr'>fldem</span> <span class='ocrx_word' id='word_1_59' title='bbox 566 247 616 264; x_wconf 76' lang='lat' dir='ltr'>edhi-</span> 
     </span>
     <span class='ocr_line' id='line_1_9' title="bbox 52 270 616 293; baseline 0.002 -5"><span class='ocrx_word' id='word_1_60' title='bbox 52 271 88 288; x_wconf 76' lang='lat' dir='ltr'>bero</span> <span class='ocrx_word' id='word_1_61' title='bbox 99 271 202 293; x_wconf 72' lang='lat' dir='ltr'>subscriptis,</span> <span class='ocrx_word' id='word_1_62' title='bbox 215 270 251 288; x_wconf 82' lang='lat' dir='ltr'>Hec</span> <span class='ocrx_word' id='word_1_63' title='bbox 265 273 292 288; x_wconf 85' lang='lat' dir='ltr'>est</span> <span class='ocrx_word' id='word_1_64' title='bbox 304 271 356 288; x_wconf 77' lang='lat' dir='ltr'>forma</span> <span class='ocrx_word' id='word_1_65' title='bbox 369 271 498 293; x_wconf 74' lang='lat' dir='ltr'><strong>composicionis</strong></span> <span class='ocrx_word' id='word_1_66' title='bbox 510 272 558 293; x_wconf 78' lang='lat' dir='ltr'>regio</span> <span class='ocrx_word' id='word_1_67' title='bbox 564 276 616 289; x_wconf 77' lang='lat' dir='ltr'>accc-</span> 
     </span>
     <span class='ocr_line' id='line_1_10' title="bbox 51 295 615 319; baseline 0.002 -6"><span class='ocrx_word' id='word_1_68' title='bbox 51 296 98 314; x_wconf 85' lang='lat' dir='ltr'>dente</span> <span class='ocrx_word' id='word_1_69' title='bbox 106 300 193 314; x_wconf 80' lang='lat' dir='ltr'>consensu</span> <span class='ocrx_word' id='word_1_70' title='bbox 200 295 257 315; x_wconf 80' lang='lat' dir='ltr'>llinter</span> <span class='ocrx_word' id='word_1_71' title='bbox 265 295 349 313; x_wconf 85' lang='lat' dir='ltr'>domiuum</span> <span class='ocrx_word' id='word_1_72' title='bbox 359 297 434 313; x_wconf 84' lang='lat' dir='ltr'>nostrum</span> <span class='ocrx_word' id='word_1_73' title='bbox 444 295 559 319; x_wconf 84' lang='lat' dir='ltr'>H[eiurioum]</span> <span class='ocrx_word' id='word_1_74' title='bbox 568 297 615 319; x_wconf 82' lang='lat' dir='ltr'>epis-</span> 
     </span>
     <span class='ocr_line' id='line_1_11' title="bbox 50 321 614 344; baseline 0.002 -6"><span class='ocrx_word' id='word_1_75' title='bbox 50 325 106 343; x_wconf 87' lang='lat' dir='ltr'>oopurn</span> <span class='ocrx_word' id='word_1_76' title='bbox 114 326 153 338; x_wconf 86' lang='lat' dir='ltr'>curn</span> <span class='ocrx_word' id='word_1_77' title='bbox 162 321 236 338; x_wconf 77' lang='lat' dir='ltr'>ecclesie</span> <span class='ocrx_word' id='word_1_78' title='bbox 244 325 275 338; x_wconf 77' lang='lat' dir='ltr'>suu</span> <span class='ocrx_word' id='word_1_79' title='bbox 284 322 301 338; x_wconf 79' lang='lat' dir='ltr'>et</span> <span class='ocrx_word' id='word_1_80' title='bbox 310 321 357 338; x_wconf 76' lang='lat' dir='ltr'>cives</span> <span class='ocrx_word' id='word_1_81' title='bbox 362 321 508 338; x_wconf 76' lang='lat' dir='ltr'>Wormecienses:</span> <span class='ocrx_word' id='word_1_82' title='bbox 517 321 614 344; x_wconf 71' lang='lat' dir='ltr'><strong>Propositus</strong></span> 
     </span>
     <span class='ocr_line' id='line_1_12' title="bbox 50 345 615 369; baseline 0 -6"><span class='ocrx_word' id='word_1_83' title='bbox 50 346 98 363; x_wconf 67' lang='lat' dir='ltr'>maior</span> <span class='ocrx_word' id='word_1_84' title='bbox 110 346 137 363; x_wconf 88' lang='lat' dir='ltr'>vel</span> <span class='ocrx_word' id='word_1_85' title='bbox 151 346 226 363; x_wconf 63' lang='lat' dir='ltr'>decanus</span> <span class='ocrx_word' id='word_1_86' title='bbox 239 346 267 363; x_wconf 79' lang='lat' dir='ltr'>vel</span> <span class='ocrx_word' id='word_1_87' title='bbox 280 347 338 363; x_wconf 82' lang='lat' dir='ltr'>custus</span> <span class='ocrx_word' id='word_1_88' title='bbox 347 345 396 363; x_wconf 90' lang='lat' dir='ltr'>Nove</span> <span class='ocrx_word' id='word_1_89' title='bbox 405 345 478 368; x_wconf 75' lang='lat' dir='ltr'>DomuS,</span> <span class='ocrx_word' id='word_1_90' title='bbox 487 350 531 363; x_wconf 83' lang='lat' dir='ltr'>unus</span> <span class='ocrx_word' id='word_1_91' title='bbox 540 346 615 369; x_wconf 66' lang='lat' dir='ltr'>istorum,</span> 
     </span>
     <span class='ocr_line' id='line_1_13' title="bbox 49 369 614 393; baseline 0.002 -6"><span class='ocrx_word' id='word_1_92' title='bbox 49 371 106 388; x_wconf 74' lang='lat' dir='ltr'>iurabit</span> <span class='ocrx_word' id='word_1_93' title='bbox 114 371 130 388; x_wconf 89' lang='lat' dir='ltr'>in</span> <span class='ocrx_word' id='word_1_94' title='bbox 139 371 211 387; x_wconf 72' lang='lat' dir='ltr'>animuin</span> <span class='ocrx_word' id='word_1_95' title='bbox 220 370 282 388; x_wconf 86' lang='lat' dir='ltr'>domiui</span> <span class='ocrx_word' id='word_1_96' title='bbox 291 371 366 393; x_wconf 79' lang='lat' dir='ltr'>episcopi</span> <span class='ocrx_word' id='word_1_97' title='bbox 373 369 381 389; x_wconf 83' lang='lat' dir='ltr'>H</span> <span class='ocrx_word' id='word_1_98' title='bbox 388 370 433 392; x_wconf 77' lang='lat' dir='ltr'>quod</span> <span class='ocrx_word' id='word_1_99' title='bbox 443 370 486 387; x_wconf 88' lang='lat' dir='ltr'>idem</span> <span class='ocrx_word' id='word_1_100' title='bbox 495 370 573 388; x_wconf 84' lang='lat' dir='ltr'>dominus</span> <span class='ocrx_word' id='word_1_101' title='bbox 583 376 614 388; x_wconf 90' lang='lat' dir='ltr'>no-</span> 
     </span>
     <span class='ocr_line' id='line_1_14' title="bbox 49 395 615 417; baseline 0.002 -5"><span class='ocrx_word' id='word_1_102' title='bbox 49 397 83 412; x_wconf 88' lang='lat' dir='ltr'>ster</span> <span class='ocrx_word' id='word_1_103' title='bbox 94 396 145 417; x_wconf 72' lang='lat' dir='ltr'>eliget</span> <span class='ocrx_word' id='word_1_104' title='bbox 156 396 198 412; x_wconf 73' lang='lat' dir='ltr'>inter</span> <span class='ocrx_word' id='word_1_105' title='bbox 211 395 257 412; x_wconf 79' lang='lat' dir='ltr'>cives</span> <span class='ocrx_word' id='word_1_106' title='bbox 270 400 310 412; x_wconf 84' lang='lat' dir='ltr'>suos</span> <span class='ocrx_word' id='word_1_107' title='bbox 319 399 380 412; x_wconf 84' lang='lat' dir='ltr'>novem</span> <span class='ocrx_word' id='word_1_108' title='bbox 389 395 443 417; x_wconf 84' lang='lat' dir='ltr'>viros,</span> <span class='ocrx_word' id='word_1_109' title='bbox 453 399 497 417; x_wconf 84' lang='lat' dir='ltr'>quus</span> <span class='ocrx_word' id='word_1_110' title='bbox 506 399 546 413; x_wconf 85' lang='lat' dir='ltr'>esse</span> <span class='ocrx_word' id='word_1_111' title='bbox 554 396 615 413; x_wconf 82' lang='lat' dir='ltr'>viderit</span> 
     </span>
     <span class='ocr_line' id='line_1_15' title="bbox 48 420 614 442; baseline 0 -5"><span class='ocrx_word' id='word_1_112' title='bbox 48 421 120 442; x_wconf 88' lang='lat' dir='ltr'>potiores</span> <span class='ocrx_word' id='word_1_113' title='bbox 133 422 150 437; x_wconf 84' lang='lat' dir='ltr'>et</span> <span class='ocrx_word' id='word_1_114' title='bbox 162 420 238 437; x_wconf 74' lang='lat' dir='ltr'>utiliores</span> <span class='ocrx_word' id='word_1_115' title='bbox 252 420 284 437; x_wconf 90' lang='lat' dir='ltr'>sibi</span> <span class='ocrx_word' id='word_1_116' title='bbox 296 421 314 437; x_wconf 79' lang='lat' dir='ltr'>et</span> <span class='ocrx_word' id='word_1_117' title='bbox 325 420 397 437; x_wconf 73' lang='lat' dir='ltr'>ecclesie</span> <span class='ocrx_word' id='word_1_118' title='bbox 411 424 431 437; x_wconf 84' lang='lat' dir='ltr'>uc</span> <span class='ocrx_word' id='word_1_119' title='bbox 443 421 473 437; x_wconf 74' lang='lat' dir='ltr'>toti</span> <span class='ocrx_word' id='word_1_120' title='bbox 483 420 549 437; x_wconf 71' lang='lat' dir='ltr'>civitati.</span> <span class='ocrx_word' id='word_1_121' title='bbox 563 420 614 438; x_wconf 72' lang='lat' dir='ltr'>[idern</span> 
     </span>
     <span class='ocr_line' id='line_1_16' title="bbox 48 444 614 467; baseline 0 -5"><span class='ocrx_word' id='word_1_122' title='bbox 48 449 107 462; x_wconf 80' lang='lat' dir='ltr'>noveru</span> <span class='ocrx_word' id='word_1_123' title='bbox 119 445 166 462; x_wconf 69' lang='lat' dir='ltr'>iurati</span> <span class='ocrx_word' id='word_1_124' title='bbox 179 445 242 467; x_wconf 74' lang='lat' dir='ltr'>eligent</span> <span class='ocrx_word' id='word_1_125' title='bbox 251 449 282 462; x_wconf 78' lang='lat' dir='ltr'>sex</span> <span class='ocrx_word' id='word_1_126' title='bbox 291 445 351 462; x_wconf 81' lang='lat' dir='ltr'>milites</span> <span class='ocrx_word' id='word_1_127' title='bbox 360 445 377 462; x_wconf 88' lang='lat' dir='ltr'>in</span> <span class='ocrx_word' id='word_1_128' title='bbox 386 445 452 462; x_wconf 76' lang='lat' dir='ltr'>civitate</span> <span class='ocrx_word' id='word_1_129' title='bbox 460 444 467 464; x_wconf 73' lang='lat' dir='ltr'>ll</span> <span class='ocrx_word' id='word_1_130' title='bbox 474 449 517 467; x_wconf 80' lang='lat' dir='ltr'>quos</span> <span class='ocrx_word' id='word_1_131' title='bbox 527 449 567 462; x_wconf 81' lang='lat' dir='ltr'>esse</span> <span class='ocrx_word' id='word_1_132' title='bbox 575 450 614 463; x_wconf 84' lang='lat' dir='ltr'>ore-</span> 
     </span>
     <span class='ocr_line' id='line_1_17' title="bbox 48 469 615 492; baseline 0 -5"><span class='ocrx_word' id='word_1_133' title='bbox 48 470 117 487; x_wconf 83' lang='lat' dir='ltr'>diderint</span> <span class='ocrx_word' id='word_1_134' title='bbox 127 471 203 492; x_wconf 85' lang='lat' dir='ltr'>potiores</span> <span class='ocrx_word' id='word_1_135' title='bbox 216 471 233 487; x_wconf 90' lang='lat' dir='ltr'>et</span> <span class='ocrx_word' id='word_1_136' title='bbox 245 469 320 487; x_wconf 75' lang='lat' dir='ltr'>utiliores</span> <span class='ocrx_word' id='word_1_137' title='bbox 334 469 402 487; x_wconf 85' lang='lat' dir='ltr'>domino</span> <span class='ocrx_word' id='word_1_138' title='bbox 420 469 501 492; x_wconf 88' lang='lat' dir='ltr'>episcopo</span> <span class='ocrx_word' id='word_1_139' title='bbox 516 469 589 487; x_wconf 81' lang='lat' dir='ltr'>ecclesie</span> <span class='ocrx_word' id='word_1_140' title='bbox 598 472 615 488; x_wconf 87' lang='lat' dir='ltr'>et</span> 
     </span>
     <span class='ocr_line' id='line_1_18' title="bbox 47 494 614 517; baseline -0.002 -5"><span class='ocrx_word' id='word_1_141' title='bbox 47 495 113 512; x_wconf 73' lang='lat' dir='ltr'>civitati-</span> <span class='ocrx_word' id='word_1_142' title='bbox 126 494 158 515; x_wconf 87' lang='lat' dir='ltr'>Qui</span> <span class='ocrx_word' id='word_1_143' title='bbox 171 494 265 517; x_wconf 80' lang='lat' dir='ltr'>quindecim</span> <span class='ocrx_word' id='word_1_144' title='bbox 278 499 312 511; x_wconf 73' lang='lat' dir='ltr'>una</span> <span class='ocrx_word' id='word_1_145' title='bbox 325 499 362 512; x_wconf 84' lang='lat' dir='ltr'>oum</span> <span class='ocrx_word' id='word_1_146' title='bbox 375 494 443 512; x_wconf 81' lang='lat' dir='ltr'>domino</span> <span class='ocrx_word' id='word_1_147' title='bbox 456 495 537 517; x_wconf 80' lang='lat' dir='ltr'>episeopo</span> <span class='ocrx_word' id='word_1_148' title='bbox 547 499 614 517; x_wconf 78' lang='lat' dir='ltr'>semper</span> 
     </span>
     <span class='ocr_line' id='line_1_19' title="bbox 47 518 614 542; baseline 0 -6"><span class='ocrx_word' id='word_1_149' title='bbox 47 520 117 537; x_wconf 81' lang='lat' dir='ltr'>oonsilio</span> <span class='ocrx_word' id='word_1_150' title='bbox 126 519 239 542; x_wconf 75' lang='lat' dir='ltr'>presideme</span> <span class='ocrx_word' id='word_1_151' title='bbox 253 518 301 540; x_wconf 83' lang='lat' dir='ltr'>Quod</span> <span class='ocrx_word' id='word_1_152' title='bbox 311 519 326 536; x_wconf 86' lang='lat' dir='ltr'>si</span> <span class='ocrx_word' id='word_1_153' title='bbox 335 519 413 536; x_wconf 84' lang='lat' dir='ltr'>domiuus</span> <span class='ocrx_word' id='word_1_154' title='bbox 422 519 513 542; x_wconf 85' lang='lat' dir='ltr'>episcopus</span> <span class='ocrx_word' id='word_1_155' title='bbox 522 520 560 537; x_wconf 72' lang='lat' dir='ltr'>ierit</span> <span class='ocrx_word' id='word_1_156' title='bbox 567 521 614 537; x_wconf 75' lang='lat' dir='ltr'>extra</span> 
     </span>
     <span class='ocr_line' id='line_1_20' title="bbox 47 543 613 567; baseline 0.002 -6"><span class='ocrx_word' id='word_1_157' title='bbox 47 544 156 567; x_wconf 77' lang='lat' dir='ltr'>provinciam,</span> <span class='ocrx_word' id='word_1_158' title='bbox 168 549 259 566; x_wconf 75' lang='lat' dir='ltr'>personam</span> <span class='ocrx_word' id='word_1_159' title='bbox 270 543 354 566; x_wconf 77' lang='lat' dir='ltr'>ydoneam</span> <span class='ocrx_word' id='word_1_160' title='bbox 367 548 401 566; x_wconf 88' lang='lat' dir='ltr'>que</span> <span class='ocrx_word' id='word_1_161' title='bbox 417 545 483 561; x_wconf 84' lang='lat' dir='ltr'>nomine</span> <span class='ocrx_word' id='word_1_162' title='bbox 497 548 529 562; x_wconf 87' lang='lat' dir='ltr'>suo</span> <span class='ocrx_word' id='word_1_163' title='bbox 542 544 613 562; x_wconf 81' lang='lat' dir='ltr'>consilio</span> 
     </span>
     <span class='ocr_line' id='line_1_21' title="bbox 46 568 614 591; baseline 0.002 -5"><span class='ocrx_word' id='word_1_164' title='bbox 46 569 130 591; x_wconf 75' lang='lat' dir='ltr'>presideat</span> <span class='ocrx_word' id='word_1_165' title='bbox 146 569 249 591; x_wconf 75' lang='lat' dir='ltr'>subrogabit.</span> <span class='ocrx_word' id='word_1_166' title='bbox 266 569 307 586; x_wconf 84' lang='lat' dir='ltr'>Iiem</span> <span class='ocrx_word' id='word_1_167' title='bbox 323 568 400 586; x_wconf 88' lang='lat' dir='ltr'>dominus</span> <span class='ocrx_word' id='word_1_168' title='bbox 417 569 508 591; x_wconf 83' lang='lat' dir='ltr'>episcopus</span> <span class='ocrx_word' id='word_1_169' title='bbox 525 574 562 586; x_wconf 88' lang='lat' dir='ltr'>curn</span> <span class='ocrx_word' id='word_1_170' title='bbox 577 570 614 587; x_wconf 82' lang='lat' dir='ltr'>istis</span> 
     </span>
     <span class='ocr_line' id='line_1_22' title="bbox 47 593 613 616; baseline 0.002 -5"><span class='ocrx_word' id='word_1_171' title='bbox 47 594 140 616; x_wconf 75' lang='lat' dir='ltr'>quindecim</span> <span class='ocrx_word' id='word_1_172' title='bbox 147 598 198 616; x_wconf 89' lang='lat' dir='ltr'>super</span> <span class='ocrx_word' id='word_1_173' title='bbox 206 594 314 611; x_wconf 79' lang='lat' dir='ltr'>iuramentum</span> <span class='ocrx_word' id='word_1_174' title='bbox 318 594 404 616; x_wconf 87' lang='lat' dir='ltr'>prestitum</span> <span class='ocrx_word' id='word_1_175' title='bbox 408 593 471 616; x_wconf 76' lang='lat' dir='ltr'>eligent</span> <span class='ocrx_word' id='word_1_176' title='bbox 478 594 568 612; x_wconf 76' lang='lat' dir='ltr'>scultetum</span> <span class='ocrx_word' id='word_1_177' title='bbox 576 599 613 612; x_wconf 87' lang='lat' dir='ltr'>cum</span> 
     </span>
     <span class='ocr_line' id='line_1_23' title="bbox 46 618 613 641; baseline 0 -5"><span class='ocrx_word' id='word_1_178' title='bbox 46 619 124 636; x_wconf 71' lang='lat' dir='ltr'>officiatis</span> <span class='ocrx_word' id='word_1_179' title='bbox 137 619 153 636; x_wconf 91' lang='lat' dir='ltr'>in</span> <span class='ocrx_word' id='word_1_180' title='bbox 167 619 211 636; x_wconf 81' lang='lat' dir='ltr'>festo</span> <span class='ocrx_word' id='word_1_181' title='bbox 220 619 297 641; x_wconf 77' lang='lat' dir='ltr'>Martini,</span> <span class='ocrx_word' id='word_1_182' title='bbox 306 619 329 635; x_wconf 77' lang='lat' dir='ltr'>itu</span> <span class='ocrx_word' id='word_1_183' title='bbox 338 618 383 641; x_wconf 75' lang='lat' dir='ltr'>quod</span> <span class='ocrx_word' id='word_1_184' title='bbox 393 623 425 636; x_wconf 86' lang='lat' dir='ltr'>neo</span> <span class='ocrx_word' id='word_1_185' title='bbox 434 619 471 641; x_wconf 82' lang='lat' dir='ltr'>ipse</span> <span class='ocrx_word' id='word_1_186' title='bbox 480 618 557 636; x_wconf 74' lang='lat' dir='ltr'>dominus</span> <span class='ocrx_word' id='word_1_187' title='bbox 566 620 613 641; x_wconf 85' lang='lat' dir='ltr'>epis—</span> 
     </span>
     <span class='ocr_line' id='line_1_24' title="bbox 46 643 613 666; baseline 0 -5"><span class='ocrx_word' id='word_1_188' title='bbox 46 648 100 666; x_wconf 76' lang='lat' dir='ltr'>eopus</span> <span class='ocrx_word' id='word_1_189' title='bbox 109 648 140 661; x_wconf 86' lang='lat' dir='ltr'>nec</span> <span class='ocrx_word' id='word_1_190' title='bbox 148 644 176 661; x_wconf 85' lang='lat' dir='ltr'>isti</span> <span class='ocrx_word' id='word_1_191' title='bbox 185 643 280 666; x_wconf 75' lang='lat' dir='ltr'>quindecim</span> <span class='ocrx_word' id='word_1_192' title='bbox 287 648 365 665; x_wconf 73' lang='lat' dir='ltr'>umquam</span> <span class='ocrx_word' id='word_1_193' title='bbox 373 644 442 665; x_wconf 75' lang='lat' dir='ltr'>exigent</span> <span class='ocrx_word' id='word_1_194' title='bbox 450 643 477 660; x_wconf 89' lang='lat' dir='ltr'>vel</span> <span class='ocrx_word' id='word_1_195' title='bbox 486 644 566 666; x_wconf 74' lang='lat' dir='ltr'>recipient</span> <span class='ocrx_word' id='word_1_196' title='bbox 573 644 613 662; x_wconf 77' lang='lat' dir='ltr'>inde</span> 
     </span>
     <span class='ocr_line' id='line_1_25' title="bbox 46 668 613 691; baseline 0 -6"><span class='ocrx_word' id='word_1_197' title='bbox 46 669 118 691; x_wconf 64' lang='lat' dir='ltr'>aliquam</span> <span class='ocrx_word' id='word_1_198' title='bbox 127 669 214 691; x_wconf 76' lang='lat' dir='ltr'>pecuniam</span> <span class='ocrx_word' id='word_1_199' title='bbox 218 681 223 691; x_wconf 55' lang='lat'><em>7</em></span> <span class='ocrx_word' id='word_1_200' title='bbox 235 668 278 685; x_wconf 76' lang='lat' dir='ltr'>tales</span> <span class='ocrx_word' id='word_1_201' title='bbox 287 668 366 690; x_wconf 72' lang='lat' dir='ltr'>eligendo</span> <span class='ocrx_word' id='word_1_202' title='bbox 378 669 406 690; x_wconf 84' lang='lat' dir='ltr'>qui</span> <span class='ocrx_word' id='word_1_203' title='bbox 415 669 482 690; x_wconf 82' lang='lat' dir='ltr'>possint</span> <span class='ocrx_word' id='word_1_204' title='bbox 490 668 558 686; x_wconf 88' lang='lat' dir='ltr'>domino</span> <span class='ocrx_word' id='word_1_205' title='bbox 567 669 613 691; x_wconf 85' lang='lat' dir='ltr'>epis-</span> 
     </span>
     <span class='ocr_line' id='line_1_26' title="bbox 46 692 613 716; baseline 0.002 -6"><span class='ocrx_word' id='word_1_206' title='bbox 46 698 90 716; x_wconf 78' lang='lat' dir='ltr'>copo</span> <span class='ocrx_word' id='word_1_207' title='bbox 102 695 119 710; x_wconf 94' lang='lat' dir='ltr'>et</span> <span class='ocrx_word' id='word_1_208' title='bbox 132 694 194 711; x_wconf 79' lang='lat' dir='ltr'>civitati</span> <span class='ocrx_word' id='word_1_209' title='bbox 208 693 278 715; x_wconf 84' lang='lat' dir='ltr'>servire,</span> <span class='ocrx_word' id='word_1_210' title='bbox 292 692 353 710; x_wconf 82' lang='lat' dir='ltr'>nullam</span> <span class='ocrx_word' id='word_1_211' title='bbox 368 693 459 710; x_wconf 71' lang='lat' dir='ltr'>amiciciam</span> <span class='ocrx_word' id='word_1_212' title='bbox 473 693 500 710; x_wconf 89' lang='lat' dir='ltr'>vel</span> <span class='ocrx_word' id='word_1_213' title='bbox 510 694 613 711; x_wconf 76' lang='lat' dir='ltr'>inimiciciam</span> 
     </span>
     <span class='ocr_line' id='line_1_27' title="bbox 45 717 613 740; baseline 0.002 -5"><span class='ocrx_word' id='word_1_214' title='bbox 45 719 61 735; x_wconf 91' lang='lat' dir='ltr'>in</span> <span class='ocrx_word' id='word_1_215' title='bbox 74 718 106 735; x_wconf 83' lang='lat' dir='ltr'>biis</span> <span class='ocrx_word' id='word_1_216' title='bbox 118 718 202 740; x_wconf 78' lang='lat' dir='ltr'>eligendis</span> <span class='ocrx_word' id='word_1_217' title='bbox 215 717 323 735; x_wconf 73' lang='lat' dir='ltr'>attendendo.</span> <span class='ocrx_word' id='word_1_218' title='bbox 336 718 377 735; x_wconf 83' lang='lat' dir='ltr'>item</span> <span class='ocrx_word' id='word_1_219' title='bbox 386 717 408 735; x_wconf 78' lang='lat' dir='ltr'>ed</span> <span class='ocrx_word' id='word_1_220' title='bbox 417 718 551 736; x_wconf 83' lang='lat' dir='ltr'>constituendum</span> <span class='ocrx_word' id='word_1_221' title='bbox 561 723 613 736; x_wconf 73' lang='lat' dir='ltr'>exeo-</span> 
     </span>
     <span class='ocr_line' id='line_1_28' title="bbox 45 742 613 765; baseline 0.002 -5"><span class='ocrx_word' id='word_1_222' title='bbox 45 743 109 760; x_wconf 84' lang='lat' dir='ltr'>tionem</span> <span class='ocrx_word' id='word_1_223' title='bbox 120 743 147 760; x_wconf 92' lang='lat' dir='ltr'>vel</span> <span class='ocrx_word' id='word_1_224' title='bbox 160 743 227 765; x_wconf 81' lang='lat' dir='ltr'>ungelt,</span> <span class='ocrx_word' id='word_1_225' title='bbox 240 742 318 760; x_wconf 82' lang='lat' dir='ltr'>domiuus</span> <span class='ocrx_word' id='word_1_226' title='bbox 328 743 420 765; x_wconf 83' lang='lat' dir='ltr'>episcopus</span> <span class='ocrx_word' id='word_1_227' title='bbox 430 747 466 760; x_wconf 77' lang='lat' dir='ltr'>oum</span> <span class='ocrx_word' id='word_1_228' title='bbox 475 743 553 765; x_wconf 77' lang='lat' dir='ltr'>predictis</span> <span class='ocrx_word' id='word_1_229' title='bbox 563 744 613 765; x_wconf 81' lang='lat' dir='ltr'>quin-</span> 
     </span>
     <span class='ocr_line' id='line_1_29' title="bbox 45 767 613 791; baseline 0.002 -6"><span class='ocrx_word' id='word_1_230' title='bbox 45 767 99 785; x_wconf 80' lang='lat' dir='ltr'>decim</span> <span class='ocrx_word' id='word_1_231' title='bbox 111 767 132 785; x_wconf 85' lang='lat' dir='ltr'>de</span> <span class='ocrx_word' id='word_1_232' title='bbox 145 768 219 790; x_wconf 71' lang='lat' dir='ltr'>qualibet</span> <span class='ocrx_word' id='word_1_233' title='bbox 230 767 318 790; x_wconf 72' lang='lat' dir='ltr'>parrochie</span> <span class='ocrx_word' id='word_1_234' title='bbox 327 769 398 790; x_wconf 78' lang='lat' dir='ltr'>quatuor</span> <span class='ocrx_word' id='word_1_235' title='bbox 407 767 451 785; x_wconf 80' lang='lat' dir='ltr'>viros</span> <span class='ocrx_word' id='word_1_236' title='bbox 460 770 543 791; x_wconf 67' lang='lat' dir='ltr'>assumet,</span> <span class='ocrx_word' id='word_1_237' title='bbox 556 773 613 786; x_wconf 86' lang='lat' dir='ltr'>eorum</span> 
     </span>
     <span class='ocr_line' id='line_1_30' title="bbox 45 792 612 815; baseline 0 -5"><span class='ocrx_word' id='word_1_238' title='bbox 45 794 61 810; x_wconf 85' lang='lat' dir='ltr'>et</span> <span class='ocrx_word' id='word_1_239' title='bbox 71 792 165 815; x_wconf 79' lang='lat' dir='ltr'>quindecim</span> <span class='ocrx_word' id='word_1_240' title='bbox 174 792 245 810; x_wconf 75' lang='lat' dir='ltr'>virorum</span> <span class='ocrx_word' id='word_1_241' title='bbox 254 792 326 809; x_wconf 77' lang='lat' dir='ltr'>consilio</span> <span class='ocrx_word' id='word_1_242' title='bbox 335 792 407 809; x_wconf 72' lang='lat' dir='ltr'>civitatis</span> <span class='ocrx_word' id='word_1_243' title='bbox 415 792 503 810; x_wconf 82' lang='lat' dir='ltr'>commodo</span> <span class='ocrx_word' id='word_1_244' title='bbox 511 794 612 815; x_wconf 81' lang='lat' dir='ltr'>provisurus.</span> 
     </span>
     <span class='ocr_line' id='line_1_31' title="bbox 45 816 612 840; baseline 0.002 -6"><span class='ocrx_word' id='word_1_245' title='bbox 45 817 94 838; x_wconf 84' lang='lat' dir='ltr'>Quod</span> <span class='ocrx_word' id='word_1_246' title='bbox 104 817 118 834; x_wconf 88' lang='lat' dir='ltr'>si</span> <span class='ocrx_word' id='word_1_247' title='bbox 128 821 172 834; x_wconf 87' lang='lat' dir='ltr'>unus</span> <span class='ocrx_word' id='word_1_248' title='bbox 182 822 202 834; x_wconf 85' lang='lat' dir='ltr'>ex</span> <span class='ocrx_word' id='word_1_249' title='bbox 211 817 244 834; x_wconf 89' lang='lat' dir='ltr'>illis</span> <span class='ocrx_word' id='word_1_250' title='bbox 253 821 314 834; x_wconf 80' lang='lat' dir='ltr'>novem</span> <span class='ocrx_word' id='word_1_251' title='bbox 324 817 425 839; x_wconf 77' lang='lat' dir='ltr'>decesserit,</span> <span class='ocrx_word' id='word_1_252' title='bbox 435 816 512 834; x_wconf 89' lang='lat' dir='ltr'>dominus</span> <span class='ocrx_word' id='word_1_253' title='bbox 522 818 612 840; x_wconf 80' lang='lat' dir='ltr'>episcopus</span> 
     </span>
     <span class='ocr_line' id='line_1_32' title="bbox 45 841 613 864; baseline 0 -5"><span class='ocrx_word' id='word_1_254' title='bbox 45 842 94 859; x_wconf 80' lang='lat' dir='ltr'>aliurn</span> <span class='ocrx_word' id='word_1_255' title='bbox 105 842 197 859; x_wconf 86' lang='lat' dir='ltr'>substituet</span> <span class='ocrx_word' id='word_1_256' title='bbox 206 842 237 859; x_wconf 86' lang='lat' dir='ltr'>sub</span> <span class='ocrx_word' id='word_1_257' title='bbox 247 841 299 859; x_wconf 75' lang='lat' dir='ltr'>formu</span> <span class='ocrx_word' id='word_1_258' title='bbox 307 842 367 864; x_wconf 88' lang='lat' dir='ltr'>prioris</span> <span class='ocrx_word' id='word_1_259' title='bbox 377 841 469 859; x_wconf 80' lang='lat' dir='ltr'>iuramenti.</span> <span class='ocrx_word' id='word_1_260' title='bbox 483 842 500 859; x_wconf 87' lang='lat' dir='ltr'>Si</span> <span class='ocrx_word' id='word_1_261' title='bbox 510 842 530 859; x_wconf 89' lang='lat' dir='ltr'>de</span> <span class='ocrx_word' id='word_1_262' title='bbox 540 846 571 859; x_wconf 82' lang='lat' dir='ltr'>sex</span> <span class='ocrx_word' id='word_1_263' title='bbox 580 843 613 859; x_wconf 88' lang='lat' dir='ltr'>mi-</span> 
     </span>
     <span class='ocr_line' id='line_1_33' title="bbox 45 866 613 889; baseline 0 -5"><span class='ocrx_word' id='word_1_264' title='bbox 45 867 101 884; x_wconf 73' lang='lat' dir='ltr'>litibus</span> <span class='ocrx_word' id='word_1_265' title='bbox 112 867 202 889; x_wconf 80' lang='lat' dir='ltr'>quisquam</span> <span class='ocrx_word' id='word_1_266' title='bbox 216 866 317 889; x_wconf 79' lang='lat' dir='ltr'>decesserit,</span> <span class='ocrx_word' id='word_1_267' title='bbox 329 867 354 884; x_wconf 92' lang='lat' dir='ltr'>illi</span> <span class='ocrx_word' id='word_1_268' title='bbox 365 871 426 884; x_wconf 84' lang='lat' dir='ltr'>novem</span> <span class='ocrx_word' id='word_1_269' title='bbox 439 867 508 888; x_wconf 81' lang='lat' dir='ltr'>prestito</span> <span class='ocrx_word' id='word_1_270' title='bbox 520 868 613 884; x_wconf 77' lang='lat' dir='ltr'>iuramento</span> 
     </span>
     <span class='ocr_line' id='line_1_34' title="bbox 45 891 612 914; baseline -0.002 -5"><span class='ocrx_word' id='word_1_271' title='bbox 45 892 78 909; x_wconf 89' lang='lat' dir='ltr'>sub</span> <span class='ocrx_word' id='word_1_272' title='bbox 87 891 138 909; x_wconf 74' lang='lat' dir='ltr'>ronne</span> <span class='ocrx_word' id='word_1_273' title='bbox 147 891 222 914; x_wconf 75' lang='lat' dir='ltr'>predicta</span> <span class='ocrx_word' id='word_1_274' title='bbox 230 891 298 909; x_wconf 75' lang='lat' dir='ltr'>alterum</span> <span class='ocrx_word' id='word_1_275' title='bbox 308 891 428 913; x_wconf 78' lang='lat' dir='ltr'>subrogubunt.</span> <span class='ocrx_word' id='word_1_276' title='bbox 442 891 460 908; x_wconf 90' lang='lat' dir='ltr'>Si</span> <span class='ocrx_word' id='word_1_277' title='bbox 467 892 504 914; x_wconf 84' lang='lat' dir='ltr'>quis</span> <span class='ocrx_word' id='word_1_278' title='bbox 513 896 553 909; x_wconf 88' lang='lat' dir='ltr'>vero</span> <span class='ocrx_word' id='word_1_279' title='bbox 563 892 612 914; x_wconf 85' lang='lat' dir='ltr'>quin-</span> 
     </span>
     <span class='ocr_line' id='line_1_35' title="bbox 45 917 613 939; baseline -0.002 -5"><span class='ocrx_word' id='word_1_280' title='bbox 45 917 97 934; x_wconf 83' lang='lat' dir='ltr'>decim</span> <span class='ocrx_word' id='word_1_281' title='bbox 108 917 240 934; x_wconf 77' lang='lat' dir='ltr'>consiliariorum</span> <span class='ocrx_word' id='word_1_282' title='bbox 250 918 307 934; x_wconf 78' lang='lat' dir='ltr'>contru</span> <span class='ocrx_word' id='word_1_283' title='bbox 316 917 425 934; x_wconf 73' lang='lat' dir='ltr'>iuramentum</span> <span class='ocrx_word' id='word_1_284' title='bbox 434 920 482 933; x_wconf 87' lang='lat' dir='ltr'>suum</span> <span class='ocrx_word' id='word_1_285' title='bbox 491 917 560 939; x_wconf 69' lang='lat' dir='ltr'>venerit7</span> <span class='ocrx_word' id='word_1_286' title='bbox 570 921 613 934; x_wconf 74' lang='lat' dir='ltr'>oon-</span> 
     </span>
     <span class='ocr_line' id='line_1_36' title="bbox 44 941 613 964; baseline 0 -6"><span class='ocrx_word' id='word_1_287' title='bbox 44 942 98 959; x_wconf 83' lang='lat' dir='ltr'>victus</span> <span class='ocrx_word' id='word_1_288' title='bbox 107 941 173 959; x_wconf 76' lang='lat' dir='ltr'>duabus</span> <span class='ocrx_word' id='word_1_289' title='bbox 181 941 209 958; x_wconf 85' lang='lat' dir='ltr'>vel</span> <span class='ocrx_word' id='word_1_290' title='bbox 218 942 269 959; x_wconf 85' lang='lat' dir='ltr'>trihus</span> <span class='ocrx_word' id='word_1_291' title='bbox 278 942 356 964; x_wconf 87' lang='lat' dir='ltr'>personis</span> <span class='ocrx_word' id='word_1_292' title='bbox 365 941 386 958; x_wconf 85' lang='lat' dir='ltr'>de</span> <span class='ocrx_word' id='word_1_293' title='bbox 396 942 482 958; x_wconf 81' lang='lat' dir='ltr'>consortio</span> <span class='ocrx_word' id='word_1_294' title='bbox 492 946 528 964; x_wconf 86' lang='lat' dir='ltr'>suo,</span> <span class='ocrx_word' id='word_1_295' title='bbox 538 942 613 959; x_wconf 77' lang='lat' dir='ltr'>anctori-</span> 
     </span>
     <span class='ocr_line' id='line_1_37' title="bbox 45 966 612 988; baseline 0 -5"><span class='ocrx_word' id='word_1_296' title='bbox 45 968 77 984; x_wconf 69' lang='lat' dir='ltr'>tate</span> <span class='ocrx_word' id='word_1_297' title='bbox 86 966 150 984; x_wconf 88' lang='lat' dir='ltr'>domini</span> <span class='ocrx_word' id='word_1_298' title='bbox 159 966 236 988; x_wconf 84' lang='lat' dir='ltr'>episcopi</span> <span class='ocrx_word' id='word_1_299' title='bbox 244 971 254 983; x_wconf 80' lang='lat' dir='ltr'><strong>a</strong></span> <span class='ocrx_word' id='word_1_300' title='bbox 263 966 334 984; x_wconf 76' lang='lat' dir='ltr'>consilio</span> <span class='ocrx_word' id='word_1_301' title='bbox 343 966 416 988; x_wconf 79' lang='lat' dir='ltr'>eicietur,</span> <span class='ocrx_word' id='word_1_302' title='bbox 426 966 479 983; x_wconf 71' lang='lat' dir='ltr'>altero</span> <span class='ocrx_word' id='word_1_303' title='bbox 487 966 510 983; x_wconf 90' lang='lat' dir='ltr'>illi</span> <span class='ocrx_word' id='word_1_304' title='bbox 520 966 551 984; x_wconf 88' lang='lat' dir='ltr'>sub</span> <span class='ocrx_word' id='word_1_305' title='bbox 560 967 612 984; x_wconf 77' lang='lat' dir='ltr'>for-rna</span> 
     </span>
     <span class='ocr_line' id='line_1_38' title="bbox 45 991 612 1014; baseline 0 -5"><span class='ocrx_word' id='word_1_306' title='bbox 45 992 94 1014; x_wconf 81' lang='lat' dir='ltr'>priori</span> <span class='ocrx_word' id='word_1_307' title='bbox 107 991 205 1013; x_wconf 29' lang='lat' dir='ltr'>subrogato*</span> <span class='ocrx_word' id='word_1_308' title='bbox 219 991 236 1008; x_wconf 87' lang='lat' dir='ltr'>Si</span> <span class='ocrx_word' id='word_1_309' title='bbox 248 991 269 1008; x_wconf 92' lang='lat' dir='ltr'>de</span> <span class='ocrx_word' id='word_1_310' title='bbox 281 995 312 1008; x_wconf 81' lang='lat' dir='ltr'>sex</span> <span class='ocrx_word' id='word_1_311' title='bbox 325 991 402 1008; x_wconf 78' lang='lat' dir='ltr'>militibus</span> <span class='ocrx_word' id='word_1_312' title='bbox 415 991 475 1013; x_wconf 78' lang='lat' dir='ltr'>aliquis</span> <span class='ocrx_word' id='word_1_313' title='bbox 485 996 504 1008; x_wconf 82' lang='lat' dir='ltr'>se</span> <span class='ocrx_word' id='word_1_314' title='bbox 513 996 543 1014; x_wconf 81' lang='lat' dir='ltr'>per</span> <span class='ocrx_word' id='word_1_315' title='bbox 551 996 612 1009; x_wconf 78' lang='lat' dir='ltr'>annum</span> 
     </span>
     <span class='ocr_line' id='line_1_39' title="bbox 45 1016 612 1038; baseline -0.002 -5"><span class='ocrx_word' id='word_1_316' title='bbox 45 1016 167 1038; x_wconf 73' lang='lat' dir='ltr'>absentaverit,</span> <span class='ocrx_word' id='word_1_317' title='bbox 177 1016 219 1033; x_wconf 81' lang='lat' dir='ltr'>alter</span> <span class='ocrx_word' id='word_1_318' title='bbox 227 1016 243 1033; x_wconf 90' lang='lat' dir='ltr'>in</span> <span class='ocrx_word' id='word_1_319' title='bbox 252 1016 307 1033; x_wconf 79' lang='lat' dir='ltr'>locum</span> <span class='ocrx_word' id='word_1_320' title='bbox 317 1016 354 1033; x_wconf 89' lang='lat' dir='ltr'>eius</span> <span class='ocrx_word' id='word_1_321' title='bbox 363 1016 384 1033; x_wconf 81' lang='lat' dir='ltr'>eb</span> <span class='ocrx_word' id='word_1_322' title='bbox 393 1016 426 1033; x_wconf 83' lang='lat' dir='ltr'>illis</span> <span class='ocrx_word' id='word_1_323' title='bbox 435 1020 495 1033; x_wconf 83' lang='lat' dir='ltr'>novem</span> <span class='ocrx_word' id='word_1_324' title='bbox 505 1016 581 1038; x_wconf 77' lang='lat' dir='ltr'>eligetur.</span> <span class='ocrx_word' id='word_1_325' title='bbox 595 1016 612 1033; x_wconf 88' lang='lat' dir='ltr'>Si</span> 
     </span>
     <span class='ocr_line' id='line_1_40' title="bbox 44 1041 612 1063; baseline 0 -5"><span class='ocrx_word' id='word_1_326' title='bbox 44 1045 83 1058; x_wconf 89' lang='lat' dir='ltr'>vero</span> <span class='ocrx_word' id='word_1_327' title='bbox 96 1041 118 1058; x_wconf 87' lang='lat' dir='ltr'>de</span> <span class='ocrx_word' id='word_1_328' title='bbox 132 1045 193 1058; x_wconf 86' lang='lat' dir='ltr'>noveru</span> <span class='ocrx_word' id='word_1_329' title='bbox 206 1041 270 1058; x_wconf 81' lang='lat' dir='ltr'>civibus</span> <span class='ocrx_word' id='word_1_330' title='bbox 284 1045 303 1058; x_wconf 86' lang='lat' dir='ltr'>se</span> <span class='ocrx_word' id='word_1_331' title='bbox 316 1041 376 1062; x_wconf 79' lang='lat' dir='ltr'>aliquis</span> <span class='ocrx_word' id='word_1_332' title='bbox 386 1045 415 1062; x_wconf 84' lang='lat' dir='ltr'>per</span> <span class='ocrx_word' id='word_1_333' title='bbox 424 1045 485 1058; x_wconf 75' lang='lat' dir='ltr'>annum</span> <span class='ocrx_word' id='word_1_334' title='bbox 494 1041 612 1063; x_wconf 75' lang='lat' dir='ltr'>absentaverit,</span> 
     </span>
     <span class='ocr_line' id='line_1_41' title="bbox 45 1065 612 1088; baseline -0.002 -5"><span class='ocrx_word' id='word_1_335' title='bbox 45 1065 122 1083; x_wconf 84' lang='lat' dir='ltr'>dominus</span> <span class='ocrx_word' id='word_1_336' title='bbox 139 1066 231 1088; x_wconf 79' lang='lat' dir='ltr'>episeopus</span> <span class='ocrx_word' id='word_1_337' title='bbox 245 1066 262 1083; x_wconf 87' lang='lat' dir='ltr'>in</span> <span class='ocrx_word' id='word_1_338' title='bbox 277 1065 332 1083; x_wconf 80' lang='lat' dir='ltr'>locum</span> <span class='ocrx_word' id='word_1_339' title='bbox 344 1065 381 1082; x_wconf 92' lang='lat' dir='ltr'>eius</span> <span class='ocrx_word' id='word_1_340' title='bbox 393 1065 462 1082; x_wconf 76' lang='lat' dir='ltr'>atterum</span> <span class='ocrx_word' id='word_1_341' title='bbox 475 1065 577 1087; x_wconf 76' lang='lat' dir='ltr'>subrogabit.</span> <span class='ocrx_word' id='word_1_342' title='bbox 595 1065 612 1082; x_wconf 90' lang='lat' dir='ltr'>Si</span> 
     </span>
    </p>
   </div>
  </div>
 </body>
</html>
