738 1221
220 74 239 85 ex
250 73 333 85 consume
344 73 433 85 ceromensi.
576 65 610 82 369

44 108 138 131 Marburoh,
152 108 179 125 ubi
191 108 207 125 in
219 108 295 125 kalendis
309 108 346 125 maii
359 108 482 125 innumerabilis
493 108 551 130 populi
563 108 610 125 affuit
620 111 652 125 12³6

45 133 137 150 multitudo.
147 133 187 150 Nam
196 138 207 150 a
215 133 271 150 multis
281 132 389 155 prudentibus
398 132 490 150 duodecies
500 135 565 150 centum
574 133 611 150 mil-

44 159 65 176 lia
77 158 166 175 hominum
175 158 264 179 promiscui
277 162 328 175 sexus
341 158 417 174 estimata
430 159 469 174 sunt
479 158 580 175 convenisse
590 158 611 175 ad

45 183 141 200 memoriam
154 184 213 199 sancte
225 182 275 199 vidue
288 182 382 204 Elisabeth,
392 182 439 199 cuius
449 182 541 204 glorificum
550 187 611 204 eorpus

46 207 66 225 ad
75 212 145 229 capsam
158 211 225 224 auream
237 209 263 224 est
273 207 369 224 translatum
379 207 476 224 auctoritate
486 207 544 224 summi
553 207 611 229 ponti-

46 232 91 254 fieis,
101 232 129 254 qui
138 232 170 248 hoo
179 232 264 253 negotium
274 231 326 248 tribus
336 232 421 254 episeopis
430 232 521 254 eommisit,
534 232 612 249 videlieet

47 257 146 278 Maguntino
155 256 255 273 'treverensi
264 258 280 273 et
286 256 415 278 Hildesemensi,
425 261 524 278 quamquam
536 256 559 273 ibi
567 257 612 274 multi

47 281 74 298 alii
87 281 162 303 episcopi
176 281 192 298 'et
203 281 287 303 principes
300 280 392 298 affuissent,
407 281 446 303 Ipse
459 281 512 298 eciam
523 282 613 303 imperator

47 306 109 328 primus
121 306 193 328 lapidem
206 305 227 323 de
241 305 347 328 sarcophago
360 306 422 323 levavit
433 307 450 322 et
458 310 537 323 coronam
546 310 613 323 auream

47 331 67 348 do
79 335 111 348 suo
126 330 203 347 {hesauru
218 335 267 347 saoro
281 330 331 352 capiti
345 331 451 347 sanctissime
466 330 516 348 vidue
529 331 613 353 imposuit.

48 355 71 372 lbi
82 357 138 377 preter
150 355 200 372 multa
213 355 291 372 miracula
302 355 358 372 oleum
370 355 391 372 de
405 359 453 372 sacru
465 360 535 377 corpore
544 355 613 378 effluxit,

48 380 92 402 quod
105 380 190 401 religiosis
203 380 251 402 viris,
263 380 342 397 basilicus
354 381 371 396 et
383 380 440 397 altaria
449 380 466 397 in
475 380 555 397 honorem
564 380 613 397 beate

47 405 97 422 vidue
105 404 193 422 Elizabeth
202 405 330 426 oonstrueturis,
340 408 370 426 per
381 404 438 421 fratres
450 405 538 426 hospitalis
549 405 613 422 Teuto-

47 430 122 446 nieorum
135 430 162 446 est
173 429 200 451 pie
212 430 228 446 et
239 430 322 451 sagaciter
333 429 441 446 distributum*
458 429 511 451 Super
521 430 568 446 cuius
579 430 613 446 vita

48 454 127 471 laudabili
134 455 152 470 et
158 453 246 471 virtutibus
255 454 334 476 specialis
342 454 412 471 historia
421 455 447 471 est
456 455 539 471 contextu.

84 478 126 495 Inde
134 478 222 500 imperator
230 479 300 496 veniens
306 478 432 501 Conlluentiam,
441 478 536 495 inferiorum
544 479 613 501 partium

48 503 121 523 militiam
131 503 199 520 invocat
209 505 268 520 eontra
276 503 408 524 Longoha1d0s3
422 503 452 520 sed
464 504 523 525 paucis
537 503 569 521 sibi
581 508 614 520 an-

49 528 148 550 nuentibus,
157 527 217 544 milites
227 527 248 544 de
257 527 319 545 Suevia
328 529 345 545 et
353 527 422 545 Alsacia
431 528 462 544 sibi
471 529 546 545 assumit*
556 528 614 550 ltaque

49 552 113 570 dueens
125 553 214 569 exercitum
223 554 281 569 oontra
290 552 422 574 Langobardos,
432 553 514 570 oommisit
525 553 561 574 regi
569 553 615 570 Boe-

49 578 118 594 miorum
127 579 144 594 et
152 577 189 594 duci
198 577 274 594 Buwarie
286 579 303 594 et
312 577 411 599 quibusdam
420 578 505 599 episcopis
513 579 572 594 terram
583 577 615 594 du-

49 602 72 619 cis
85 601 153 619 Austrie
165 601 302 624 expugnandam,
316 603 383 624 propter
395 602 494 624 multiplices
505 607 587 619 excessus
599 604 616 619 et

50 626 125 643 facinora
138 626 198 648 quibus
206 626 250 643 idem
260 626 294 643 dux
303 626 346 643 sama
357 626 422 648 publiea
433 627 525 643 laborabat.
539 627 570 647 Qui
579 626 615 644 Au-

50 652 107 668 striaru
115 651 197 673 ingressi,
207 651 288 668 adiunctis
298 651 330 668 sibi
339 651 423 668 nobilibus
436 652 477 668 terre
487 656 530 673 quos
537 652 573 673 ipse
582 651 616 668 dux

49 677 99 693 antea
112 676 174 692 iniuste
187 677 295 697 oppresserat
307 678 324 693 et
340 676 361 692 de
372 677 415 692 terra
425 680 459 693 ⁴sua
470 676 551 698 eiecerat,
565 678 615 693 totam

50 700 133 717 Anstriam
145 700 274 717 devastaverunt
282 702 299 717 et
309 701 403 722 imperatori
412 700 551 723 subiugaverunt,
561 702 616 723 preter

49 730 103 747 pauca
116 727 171 742 eastra
183 725 301 747 munitissima,
315 725 331 742 in
340 725 401 747 quibus
410 725 447 747 ipse
461 725 494 742 dux
504 725 585 747 profugus
597 730 616 742 se

50 750 118 772 recepit.

88 774 254 796 interim-imperator
263 774 354 796 Augustam
366 775 445 797 veniens,
455 779 521 791 manum
532 775 617 791 militarem

50 799 67 816 iu
78 799 143 821 campis
155 798 192 816 Lici
204 799 276 821 colligit,
290 801 307 816 et
318 799 356 816 inde
369 799 454 821 profectus
467 800 483 816 in
495 799 552 820 vigilia
563 799 617 816 suncti

50 823 110 841 Jacobi
121 822 159 846 [iuli
168 822 200 846 24]
210 823 254 840 mille
263 823 323 840 milites
333 824 349 841 in
359 823 421 840 Italiam
429 828 485 840 seeum
494 823 545 840 ducit.
554 824 618 840 Trans-

51 849 93 865 aetis
106 849 162 870 itaque
176 848 241 870 alpibus
254 848 328 865 militiam
337 853 383 865 suam
396 848 440 870 apud
452 848 535 865 Veronam
549 848 618 870 colligit,

52 877 84 894 que
96 872 158 890 ibidem
169 874 216 889 extra
228 877 283 890 muros
293 873 331 895 plus
340 877 388 894 quam
396 877 426 894 per
432 877 507 890 mensem
515 872 617 894 perendina-

50 898 78 914 vit.
92 897 157 914 Dehinc
168 897 309 914 Cremonensibus
319 898 347 919 qui
359 898 384 914 sui
396 897 469 914 fautores
481 899 528 914 eraut
536 897 619 914 coniunc—

52 924 88 944 tus,
100 922 141 939 licet
152 922 290 939 Mediolanenses
302 924 319 939 et
332 923 357 939 sui
369 922 458 944 complices
471 922 531 939 frustra
546 922 618 939 resiste-

51 948 88 964 rent
98 948 115 964 et
124 947 205 969 imperiali
214 947 276 968 agmini
291 949 338 968 [erge
350 947 417 969 darent,
429 947 519 969 imperator
530 951 566 963 eum
578 946 618 963 Cre-

52 971 161 989 monensibus
174 971 259 988 Mantuam
270 971 302 988 sibi
314 971 392 989 rebellem
403 971 474 993 invadit,
492 973 508 988 et
518 975 618 993 quecunque

51 998 97 1013 extra
106 1001 162 1014 muros
170 998 217 1013 erant
227 996 309 1013 devastat.
322 996 370 1013 Duos
378 996 430 1013 eoiaru
439 1000 506 1013 suorum
515 996 579 1018 burgos
587 1000 619 1012 su-

52 1025 81 1042 per
93 1021 160 1038 nuvium
173 1021 201 1042 qui
215 1021 274 1038 dieitur
284 1020 331 1043 Oyus
343 1021 385 1038 sitos
395 1022 473 1043 potenter
484 1021 533 1043 capit.
546 1020 619 1041 Quorum

52 1050 95 1062 unus
100 1045 186 1062 Maoharia
193 1045 234 1062 alter
238 1045 288 1063 Mosa
296 1046 394 1062 nominatur.
404 1045 504 1067 Imperatore
512 1047 566 1062 autem
574 1044 619 1067 apud

53 1069 149 1087 Cremonam
166 1072 243 1087 manenle
255 1070 328 1087 Paduaui
339 1070 421 1087 Tervisini
432 1070 527 1087 Vineentini
539 1074 570 1087 nee
585 1074 619 1086 nou

67 1100 138 1111 EDEHMER
146 1100 206 1111 Fontes.
216 1100 228 1111 2>
504 1097 521 1110 2¹³
