738 1221
229 62 248 73 u
259 62 341 74 sennaino
351 62 440 74 eownmsr.
586 54 621 72 345

53 97 153 119 prevenitnr.
167 96 232 118 Corpus
242 97 279 114 eius
288 96 374 114 Coloniam
383 98 483 119 reportatum
491 96 509 113 in
517 97 580 113 maiora
588 101 619 113 eo·
628 98 663 112 ime

54 122 105 138 clesia
115 122 169 138 sancti
178 121 220 138 Petri
230 122 303 143 apostoli
312 126 349 139 oum
358 121 426 144 planctu
435 123 452 138 et
460 121 531 138 laerimis
541 121 621 144 plurimo-

53 150 87 163 rum
96 146 183 168 sepelitur.
395 143 397 147 ’

90 171 132 188 item
148 175 192 188 anno
205 171 268 188 domini
285 171 374 193 mecsiii„
386 170 407 188 ab
424 171 464 188 urbe
481 172 537 188 autern
553 170 632 187 condita—

53 195 185 218 mdeoeclxiiii,
195 196 282 217 eompletis
291 195 312 213 ab
323 196 388 217 origine
400 195 456 212 mnndi
468 196 517 212 annis
527 199 559 212 sex
569 195 620 212 milli-

53 220 84 237 bus
93 220 222 242 quadringentis
232 222 305 243 septem,
318 221 335 237 in
344 220 388 238 sesto
397 221 451 237 saneti
458 220 525 237 Martini
535 219 619 243 [nnwll]

55 245 99 267 apud
108 245 219 262 Fraukinvort
227 245 344 262 celeberrimus
354 247 448 262 conventus
458 245 550 267 principum
559 245 594 266 ruit,
604 247 621 262 et

53 271 70 286 ιιῑ
78 269 135 292 plures
145 270 201 287 testati
210 272 250 287 sunt
258 271 286 292 qui
296 271 383 292 presentes
392 269 467 292 aderant,
476 273 511 286 non
520 270 537 287 in
545 270 621 292 pluribus

54 295 102 312 annis
111 296 137 312 tot
146 295 210 312 nobiles
220 296 245 312 tot
253 297 331 317 potentes
339 295 356 312 in
366 295 415 312 simul
424 295 530 312 convenisse.
540 294 571 312 Ubi
580 294 620 312 Otto

54 324 82 336 rex
95 320 207 341 nonagesimo
219 320 271 337 tereio
284 320 322 337 loeo
332 319 353 337 ab
362 319 441 342 Angusto
450 319 471 336 ab
480 319 558 336 omnibus
566 320 583 337 in
592 324 620 337 re-

53 348 90 366 gem
103 344 180 366 eligitur,
192 344 302 367 diademaque
311 349 348 362 eum
357 345 416 362 laneea
425 344 505 366 imperiali
514 345 529 361 ei
539 345 620 366 assigna-

53 370 87 391 tur,
97 369 131 386 mia
140 369 209 391 Philippi
218 370 263 391 regis
273 374 309 386 cnm
319 369 401 387 universis
411 374 443 391 qne
452 369 553 391 possederat
561 370 577 386 in
585 369 620 386 do·-

53 395 85 411 tern
94 394 109 411 ei
119 393 171 411 datur.
181 393 217 414 Que
226 394 279 411 eniam
288 398 343 411 coram
353 399 393 416 rege
403 396 418 411 et
424 394 527 416 principibus
536 394 557 411 de
566 395 620 411 morte

52 419 102 440 patris
112 420 210 441 conquesta,
216 419 278 436 indicio
288 419 360 436 omniurn
369 419 454 441 predictus
463 418 548 436 Palatinus
557 420 574 436 et
582 419 619 436 eins

53 442 127 460 [autores
136 443 261 465 proscribuntur
270 445 287 460 et
296 443 410 466 dampnantur.
419 443 443 460 lbi
452 447 482 460 rex
490 444 548 465 primo,
557 443 619 460 deinde

52 468 102 485 ueteri
111 468 202 491 principes,
211 469 266 485 iurant
275 468 336 485 firmam
346 473 403 490 pacem
414 470 455 485 terra
464 468 538 490 marique
548 472 619 485 servan-

52 492 97 515 dam,
114 497 173 510 omnes
187 493 257 510 iniustas
270 494 367 510 exactiones
383 493 489 515 vectigalium
503 492 619 515 deponendas,

53 518 107 534 omnia
120 518 173 535 eoiam
186 518 221 535 iura
230 522 240 535 a
251 518 312 535 Karoia
325 522 387 539 magno
400 518 475 535 instituta
488 517 595 535 observanda
604 519 621 535 et

53 542 130 559 tenenda.

88 567 166 584 Generali
178 567 228 589 igitur
241 567 324 585 electione
335 567 406 585 Colonie
418 567 483 590 habita,
493 567 576 589 prioribus
585 571 620 584 non

54 591 199 614 coneordantibns,
206 596 235 609 rex
244 592 300 609 missis
309 592 368 609 litteris
378 592 466 609 adventum
476 596 524 609 suurn
533 591 620 614 prestolari

54 616 135 638 deposcit.
149 616 181 637 Qui
194 617 246 634 eciam
259 619 297 634 ante
309 617 364 634 natale
377 617 438 634 domini
451 617 536 634 Coloniam
549 616 619 633 veniens

52 645 88 658 enm
96 641 162 658 honore
171 642 243 659 maximo
252 642 346 664 suscipitur.
358 642 390 659 Ubi
400 641 514 659 Theodericus
524 641 619 663 prepositus

53 668 149 683 sanctorum
158 666 276 688 Apostolorum
286 667 322 684 eius
335 667 405 684 consiliu
415 668 432 683 et
440 666 503 683 auxilio
512 666 533 683 ab
542 665 619 683 omnibns

52 690 67 707 in
76 691 176 713 episcopum
185 691 259 713 eligitur,
269 693 286 708 et
294 696 304 709 a
313 692 377 708 eunctis
385 691 468 708 nobilibus
476 693 519 708 terre
527 691 564 713 ipsa
573 690 619 707 elee-

53 715 74 732 tio
86 715 194 738 approbatur.
211 715 280 738 Regalia
293 721 360 738 quoque
373 716 394 733 de
408 721 457 733 mann
471 716 507 733 eius
517 715 619 737 suscipiens,

52 739 129 757 ducatum
141 740 224 763 Angarie,
236 741 311 763 Philippo
325 741 378 758 felicis
391 741 469 758 memorie
481 740 578 758 Coloniensi
591 744 619 757 ar-

52 765 161 787 ehiepiseopo
171 770 180 782 a
189 765 272 783 Frirlerieo
281 766 381 788 imperatore
390 765 467 783 traditum
470 779 475 788 ,
485 765 556 787 expulso
566 765 619 782 Hein-

51 790 84 807 rioo
93 790 137 807 dune
147 790 220 807 Saxonie
229 792 276 812 patre
285 791 338 812 ipsias
348 791 403 813 regis,
413 795 449 807 enm
459 790 519 807 ducatu
527 789 618 807 Lotharin-

51 815 86 837 gie,
102 819 157 832 coram
169 814 249 832 Heinrioo
262 815 336 837 palatino
348 815 408 832 comite
423 815 476 832 Rheni
490 815 540 831 fratre
553 815 589 832 eins
602 815 619 831 et

51 839 155 861 principibus
164 840 192 861 qni
201 841 289 862 presentes
298 840 368 857 ederant
373 853 378 862 ‚
386 840 419 862 ipsi
428 840 526 861 assignavit.

87 864 128 886 Ipso
142 865 194 881 eciam
206 869 251 882 anno
264 864 335 882 audiens
347 869 391 887 papa
407 869 436 886 per
452 866 503 881 totam
516 864 618 881 Provinciam

52 888 130 910 plurimas
140 889 217 906 civitates
226 894 262 906 eum
272 889 362 906 baronibus
372 891 389 906 et
396 889 480 906 nobilibus
492 891 534 906 terre
546 890 563 905 et
573 888 618 905 clero

52 918 62 930 a
71 913 104 930 fide
113 913 195 931 catholica
204 914 298 932 recessisse
307 916 323 931 et
331 914 348 931 in
357 914 428 931 heresim
438 913 531 936 decidisse,
540 912 618 930 cardina-

51 938 82 955 lein
95 938 179 960 quendam
191 939 243 956 virum
255 940 348 961 sapientem
360 941 377 956 et
386 939 483 960 religiosum
491 939 531 955 illuo
540 938 618 955 transmi-

51 963 79 985 sit,
92 965 111 980 ut
124 963 237 985 predicatione
253 965 269 981 et
282 964 397 981 exhortatione
409 968 440 981 sua
452 964 490 980 illos
500 963 521 980 ad
531 963 580 980 sidem
589 968 619 980 re-

51 989 123 1005 voearet.
137 987 168 1008 Qni
179 993 217 1006 mox
229 990 248 1005 ut
261 988 303 1006 lines
316 993 372 1006 eorum
385 989 441 1010 attigit
452 990 467 1005 et
476 989 501 1005 eis
512 988 618 1010 evangelium

52 1013 98 1034 pacis
107 1012 171 1035 obtulit,
180 1013 204 1030 illi
213 1013 289 1030 infelices
299 1015 317 1030 nt
325 1013 394 1035 aspides
402 1013 503 1030 obdurantes
511 1017 565 1035 aureS,
575 1017 618 1030 eun-

52 1036 88 1054 dern
96 1038 149 1055 vinun
158 1040 233 1055 sanetum
242 1038 388 1060 apprehendentes
397 1038 486 1055 crudeliter
494 1038 617 1055 interemerunt.

53 1061 101 1079 Cuius
115 1067 177 1085 eorpus
187 1067 197 1080 a
206 1062 283 1080 fidelibus
297 1063 385 1080 collectum
398 1063 414 1079 et
426 1062 448 1080 ad
461 1063 548 1080 cenobium
556 1066 618 1079 inona-
