738 1221
134 64 169 82 220
305 71 392 83 nrrmnn
403 71 532 83 wounrrsrrsu.

132 106 178 123 curia
188 107 286 123 convocato.
305 105 350 123 Sane
359 110 390 128 per
397 105 460 122 litteras
474 105 536 123 domini
545 106 599 123 nostri
610 106 693 128 imperato-

132 131 154 148 rls
168 132 201 147 tam
213 130 290 148 dominus
299 132 358 147 noster
370 130 461 152 episcopus
473 135 522 152 quarn
537 131 583 148 cives
597 130 693 148 vocabantur

132 155 153 172 ad
165 156 226 172 curiam
238 155 318 173 Ravenne
331 155 459 176 celebraturum,
476 155 497 172 ad
510 159 560 178 quam
573 157 609 172 curn
622 154 693 172 dominus

132 180 223 202 episcopus
232 180 283 197 vellet
292 180 372 197 accedere
381 180 492 197 adiunxerunt
499 180 515 197 ei
522 180 569 197 cives
578 180 648 198 nuncios
657 184 693 197 suos

132 205 204 222 honeste
214 205 249 221 suis
260 205 349 227 expensis,
358 205 375 221 in
385 204 413 221 tali
422 204 532 222 familiaritate
541 206 558 222 et
567 205 655 226 fidelitate,
664 209 694 226 qua

132 229 216 247 coniuncti
226 229 298 252 fuerant,
309 234 374 251 suoque
383 229 459 247 subsidio
469 229 578 251 superaddito
587 230 633 247 iuxta
641 234 693 252 posse,

132 256 150 271 ut
159 254 204 271 curia
217 254 279 271 domini
293 254 368 276 episcopi
382 253 472 271 dccencius
485 256 629 277 augmentaretur,
644 256 660 271 et
672 255 694 271 sic

132 279 215 296 amicabili
227 278 277 296 modo
290 279 312 296 ad
321 279 382 296 curiam
391 278 453 296 domini
461 279 566 301 imperatoris
575 280 694 302 processerunt.

132 303 219 326 Nichilque
228 305 282 326 preter
291 303 352 321 bonum
361 304 393 326 ipsi
406 304 451 321 cives
464 306 584 327 speraverunt,
598 304 652 321 donec
660 304 694 326 qui-

132 328 169 346 dam
179 329 250 345 civitatis
259 330 316 346 nostre
325 328 399 346 fautores
408 329 473 346 civibus
482 331 600 352 narraverunt,
610 329 654 351 quod
663 329 693 346 do-

132 354 187 370 minus
196 354 287 376 episcopus
297 355 354 370 contra
363 354 410 375 ipsos
419 353 440 370 ad
450 354 510 371 curiam
520 354 628 371 accessisset.
649 353 693 374 Quod

132 382 168 395 cum
179 378 246 396 domino
259 378 335 400 episcopi
348 378 394 395 cives
408 378 503 401 obicerent,
517 378 594 396 dominus
607 379 693 401 episcopus

131 402 223 420 mendaces
232 403 303 420 asseruit
312 403 410 420 recitatores
420 403 480 420 talium*
494 403 543 423 Quod
551 403 612 420 volens
622 408 693 426 ccnpro·

132 428 171 445 hare
181 428 303 445 commendavit
312 428 358 445 cives
367 428 444 445 omnibus
457 427 582 445 familiaritatem
591 428 656 445 consilii
665 428 695 445 do-

131 453 170 470 mini
179 453 284 475 imperatoris
294 452 399 475 habentibus,
409 454 427 470 ut
436 453 509 474 negocia
518 453 578 470 civium
588 452 609 470 ad
619 453 695 470 honesta-

132 479 165 495 tem
180 478 252 494 civitatis
264 478 327 494 vellent
338 482 442 500 promovere.
464 477 554 499 Postquam
569 479 625 495 autem
639 477 695 495 domiui

132 503 208 524 episcopi
217 502 279 519 auxilio
288 503 359 524 promoti
368 502 443 525 fuerant,
459 504 476 519 et
489 507 538 519 manu
552 503 619 525 propria
632 502 695 520 domiuo

131 527 226 549 imperatori
235 527 283 549 ipsos
292 527 435 550 commendasset,
449 528 465 544 et
478 527 499 544 de
512 527 582 544 licencia
596 527 658 545 domini
666 527 695 544 im-

131 552 213 574 peratoris
224 553 240 569 et
249 556 280 569 sua
290 551 397 575 recederent,
409 552 513 574 privilegium
525 552 609 574 quoddam
619 554 659 574 aput
667 552 696 569 do-

131 576 192 593 minum
205 576 321 599 imperatorem
331 576 402 594 obtinuit
407 590 412 600 ,
424 581 454 599 per
466 576 512 599 quod
525 577 580 594 omnia
594 577 630 594 iura
641 579 694 594 nostre

131 601 204 619 civitatis
218 602 286 624 antiqua
299 603 315 619 et
323 601 411 624 privilegia
420 601 441 619 ab
453 602 581 625 imperatoribus
593 602 663 624 regilius
671 606 695 619 ar-

130 626 242 649 chiepiscopis
252 626 336 649 episcopis
345 627 420 644 sanccita
429 626 491 644 nittitur
497 627 584 644 infirmare.
593 626 655 644 Verum
664 631 696 644 curn

130 651 162 668 hec
171 651 313 669 intellexissemus
323 651 390 669 domino
400 653 458 669 nostro
467 652 503 673 regi
512 651 633 673 conquerendo
642 652 695 673 signi-

130 676 226 698 ficavimus,
239 676 266 698 qui
278 676 338 693 litteris
347 676 383 693 suis
392 676 454 698 apertis
464 676 512 694 nohis
525 676 604 699 indulsit,
617 678 636 693 ut
644 677 695 699 ipsius

130 701 230 718 auctoritate
242 701 259 718 in
268 701 304 718 iure
315 702 374 718 nostro
383 701 452 723 antiquo
462 701 601 724 subsisteremus,
615 702 642 718 cui
655 705 696 718 con-

130 726 220 742 sensimus.
246 724 271 742 Ob
287 725 319 743 hec
332 725 409 743 domiuus
423 726 513 748 episcopus
529 726 669 748 proscriptionem
681 727 696 743 et

130 750 203 767 bannum
217 750 267 767 nobis
280 751 379 772 procuravit
395 750 431 768 Nos
444 755 485 768 veru
498 752 537 768 ante
548 751 695 768 denunciacionem

130 774 179 792 nobis
194 774 255 792 saetam
268 774 289 792 ad
301 775 358 792 sedern
370 775 480 798 apostolicam
492 776 626 798 provocavimus.
646 775 696 797 Igitur

130 800 225 821 quicunque
232 800 348 821 magistrorum
356 801 405 818 istius
413 800 451 818 sacti
459 805 558 823 processum
566 800 695 818 consideraverit

130 826 147 841 et
156 826 228 847 pensato
238 825 310 846 negocio
319 829 387 843 causam
396 827 470 843 nostram
477 825 535 843 fovere
542 826 619 847 voluerit,
629 826 646 842 in
655 829 695 842 con—

129 850 193 872 petenti
202 854 265 866 summa
274 850 354 872 pecunie,
366 851 413 867 iuxta
421 851 448 867 sui
459 850 522 868 laboris
535 851 615 873 meritum,
624 850 656 872 ipsi
664 854 694 872 pa-

130 874 161 891 rati
170 874 232 891 erimus
242 873 361 896 respondere.¹

147 922 162 939 r]
171 922 204 936 rem
212 922 240 936 rvi-2
249 922 344 940 geresaeum
357 922 381 936 dn
390 923 422 937 nun
431 922 523 937 „thracum
532 923 575 941 neg-1
584 926 613 937 vm
621 923 646 936 «tu
654 922 696 937 mat-

130 938 172 956 -iegel
183 939 207 952 mit
218 939 249 953 den·
262 939 321 957 heiligen
332 939 381 953 Petrus
393 939 419 953 und
433 940 458 953 der
472 939 550 954 umsohrist:
562 940 581 953 '1¹2
593 940 610 954 rii
622 942 650 954 min
662 939 695 953 bonu

130 956 205 969 Wormnn
213 956 254 970 rme
263 959 323 975 parom».
333 956 359 970 Die
370 957 384 970 ir·
390 956 433 974 tems
439 961 528 975 gemmmm
535 957 598 971 urrunsa
603 957 679 971 Friedrich,
685 956 696 970 ιι

129 973 154 1004 ἓῗέ.
159 973 350 1005 ἵὲῧε,ἱ’ἷ.“θέἓῖιὲ“ιῗῖ”ὲῖἰζῗ
356 974 470 1008 &inoffi-3¹³3.
475 978 506 1009 ¹:22·
516 975 556 991 ”³²⁵
568 974 611 992 '‘¹⁸''
620 974 653 988 ’Μ’
663 973 696 988 ''¹‘'
