738 1221
233 73 253 85 n
263 73 346 85 sannanim
357 73 447 85 0010111101.
590 65 625 83 ³63

58 113 114 126 corum
128 107 170 125 infra
183 107 269 125 Coloniam
281 108 322 125 sitas
333 107 450 129 infringentes.
464 107 518 129 Super
526 111 560 129 quo
570 111 625 125 errore
635 109 668 124 1²29

58 133 135 151 domibus
148 133 229 154 reparatis
244 132 288 149 dicte
301 132 373 150 ecclesie
385 132 491 154 postmodum
504 132 626 149 satisfecerunt.

57 158 94 175 Hoc
103 162 149 175 anno
159 159 194 174 erat
203 157 273 179 hyemps
282 157 334 179 longa
342 159 360 174 ot
368 161 433 179 aspera.

94 182 145 200 Anno
158 182 219 201 domini
229 186 313 199 mccxxx.
322 182 341 199 111
352 181 434 204 Hispania
447 186 476 198 rex
487 181 600 203 chionensis
609 183 626 199 et

58 207 102 224 tilius
116 211 157 224 suus
169 211 198 224 rex
207 206 281 224 Castelle
290 211 335 223 arma
344 208 402 224 contra
411 206 512 224 Sarracenos
522 208 597 228 sumunt,
609 208 627 223 01

57 236 136 254 magnam
149 233 212 253 partem
222 233 264 248 terre
277 233 365 254 occupant,
378 233 427 253 capla
436 231 504 248 civitate
513 235 546 253 que
555 231 627 248 Emerita

58 257 150 274 dicebatur.
166 256 206 278 lpso
218 261 263 273 anno
276 261 305 273 rex
316 255 403 278 Aru-gone
415 256 487 273 insulam
500 260 533 277 que
545 255 627 273 Maiorica

57 281 119 299 dicitur
129 281 184 298 multis
195 281 243 298 annis
256 285 266 298 a
275 281 372 298 Sarracenis
386 282 483 302 occupatam
494 281 547 303 capit,
560 285 627 303 expug-

58 306 115 324 nando
124 306 185 323 1111110111
196 306 280 327 quandam
290 306 374 323 civitatem
383 305 471 328 famosam,
480 307 530 328 capto
539 306 576 323 eius
585 310 627 327 rege

58 333 74 349 et
83 333 120 348 tota
130 331 180 348 domo
188 331 239 352 regia.

94 356 159 373 Eodem
172 360 217 372 anno
230 355 302 373 domnus
315 355 373 372 Simon
382 355 435 372 abbas
444 355 495 377 obiit,
504 356 521 372 et
530 355 545 372 01
555 355 627 372 domnus

57 380 145 398 Heinrieus
155 382 223 402 quartus
232 380 313 397 succedit.

93 405 158 423 Eodem
168 409 236 427 quoque
247 409 291 422 1111ηο
302 405 353 422 oritur
362 404 448 421 dissensio
459 404 502 421 inter
511 404 626 426 archiepisco-

57 435 96 453 pum
108 431 126 447 et
133 430 192 447 ducem
201 429 222 447 de
231 429 311 451 Limburg
322 434 372 451 super
383 429 475 446 advocacie
485 429 552 446 cenobii
566 429 626 446 Siber-

57 455 122 477 gensis.
135 454 184 472 Unde
190 456 262 471 castrum
270 454 359 471 Tuiciense
367 453 407 471 dicti
414 454 461 471 ducis
470 453 490 471 ab
497 453 626 475 archiepiscopo

58 479 137 502 diruitur,
147 481 164 496 et
171 481 243 496 castrum
251 479 299 496 ducis
309 479 370 496 dictum
378 479 466 496 Bensbura
475 478 528 500 longa
537 478 626 496 obsidione

57 505 129 521 vallatur
138 509 147 521 a
156 504 226 526 copioso
239 504 313 521 exercitu
326 503 447 526 archiepiscopi
459 505 476 520 et
485 503 550 520 comitis
559 503 626 520 Senen-

58 529 87 546 sis⁴
101 528 136 546 Sed
146 529 185 546 licet
193 529 253 546 acriter
262 528 387 550 impugnaretur
396 532 430 545 non
439 528 512 550 capitur,
522 528 554 545 hiis
563 528 592 549 qui
600 528 627 544 in-

58 556 84 571 tus
97 555 145 571 erant
158 558 177 570 se
190 553 258 570 viriliter
267 553 396 570 defendentibus
406 554 423 570 et
431 553 526 574 ingeniose.
541 553 567 570 Ex
576 552 628 569 altera

59 580 106 601 parte
116 580 188 595 castrum
198 578 318 600 archiepiscopi
326 578 387 595 dictum
396 578 482 600 Tulpetum
493 577 557 594 casuali
567 578 628 594 incen-

59 603 87 621 dio
97 604 221 625 concrematur,
235 604 252 620 et
264 604 331 625 propter
340 602 372 620 buc
380 607 389 620 a
403 602 512 625 complicibus
524 602 571 620 ducis
580 602 628 624 capi-

60 630 94 650 tur;
109 628 137 645 ubi
147 628 192 645 multi
203 628 279 645 homiues
291 628 330 649 igne
339 628 428 650 perierunt.
445 627 499 644 Multo
511 627 564 644 eciam
577 631 627 644 exer-

59 653 92 670 citu
105 653 145 670 hino
156 652 195 670 inde
208 654 313 674 congregato
322 652 343 669 ad
352 656 426 674 pugnarn
435 656 468 669 non
478 653 504 669 est
513 656 629 674 progressum,

60 677 91 695 sed
100 677 179 695 incendia
192 677 267 694 villarum
280 678 297 694 et
308 677 437 699 depredationes
447 678 464 694 et
471 677 576 694 vastationes
586 676 628 693 civi-

59 704 111 719 tatum
125 704 143 719 et
155 704 246 719 castrorum
259 702 304 719 1111111
320 702 373 719 Jussu
384 702 432 723 regio
444 701 489 719 bello
499 702 557 723 treuge
567 705 628 718 succc-

59 727 104 744 dunt.

95 751 137 769 Otto
150 751 240 768 cardinalis
249 756 259 768 a
269 751 321 768 Daeie
333 751 407 773 partibus
421 750 507 768 Coloniam
516 751 586 768 veniens
595 750 628 767 ibi-

60 776 97 794 dem
106 776 179 793 natalem
189 776 251 793 domini
263 776 344 799 celebrat,
354 776 468 798 sollempniter
478 777 555 798 receptus
567 777 584 792 et
594 775 628 792 ho-

60 803 135 818 noratus.
148 801 189 818 Inde
201 800 283 818 recedens
292 800 336 823 apud
347 800 450 822 Herbipolim
459 800 547 823 concilium
558 800 628 822 provin-

60 826 102 843 ciale
112 825 175 842 indicit.
188 825 223 843 Sed
234 825 343 843 renitentibus
356 825 458 847 principibus
471 825 527 846 laicis,
540 826 557 842 et
569 825 628 847 paucis

60 851 169 868 ecclesiarum
177 850 246 872 prelatis
255 850 370 872 venientibus,
380 850 431 867 iratus
441 850 516 867 recessit.

96 875 161 892 Eodem
170 879 214 892 anno
224 875 314 897 imperator
320 880 330 892 a
338 879 382 897 papa
391 874 484 891 absolvitur
492 874 576 891 mediante
585 874 629 891 duce

59 900 127 918 Austrie
135 899 217 922 Lupoldo.
231 899 263 920 Qui
271 901 342 917 tractatu
352 900 398 922 pacis
409 901 478 922 peracto
489 899 531 916 inter
540 903 601 921 papam
611 900 630 915 et

60 925 184 947 imperatorem,
199 924 244 947 apud
256 926 331 942 sanctum
344 925 442 941 Germanum
451 925 468 941 111
477 924 567 946 Campania
575 924 629 941 mori-

60 951 90 967 tur.
110 950 163 967 Cuius
176 950 241 967 viscera
254 951 271 966 et
283 950 343 967 carr‘ies
355 950 372 966 111
386 949 459 971 capitulo
473 949 527 966 sancti
542 949 629 966 Benedicti

60 975 122 992 montis
135 974 242 992 Cassineusis
256 975 365 997 tumulantur,
375 974 442 991 ossibus
451 974 469 991 in
477 973 561 991 Austriam
570 978 629 996 repor-

60 1000 103 1016 tatis.

96 1024 148 1041 Anne
157 1024 219 1041 domini
228 1024 324 1041 mccxxxi
333 1024 424 1046 Imperator
434 1023 479 1040 facta
487 1027 530 1045 1111οο
539 1027 576 1040 cum
585 1027 629 1045 papa

61 1048 82 1066 ad
90 1049 162 1066 eandem
172 1053 246 1066 mensam
255 1049 352 1066 convivatur
361 1048 377 1065 in
385 1048 451 1065 civitate
457 1053 501 1070 pape
510 1052 543 1070 que
550 1047 629 1069 Anagnia

60 1073 118 1092 dicitur
126 1074 144 1091 in
153 1074 235 1091 cenaculo
245 1078 289 1096 pape
298 1077 349 1095 super
357 1074 444 1095 paternum
453 1072 523 1090 fundum
531 1073 628 1090 constituto.
