738 1221
127 66 161 83 ³56
306 72 325 83 tx
335 72 418 84 oenzvamo
429 72 517 84 coto-ursi.

85 114 119 128 m,
128 107 177 124 seriis
190 106 258 124 valeant
273 106 362 124 transferri.
379 106 406 124 Ad
418 111 468 124 unum
482 106 561 129 quodque
574 107 659 124 usserium
668 106 698 124 liet

126 136 180 154 pons,
189 133 207 148 ut
220 132 280 148 milites
292 132 306 148 si
320 136 392 148 necesse
405 131 454 148 suerit
464 131 530 153 armati,
540 133 556 148 et
565 133 643 149 ascensis
652 131 696 149 dex-

126 157 181 174 trariis
190 157 225 173 suis
235 156 251 173 in
261 156 331 173 navibus
343 156 430 173 commode
439 156 503 178 absque
513 156 582 173 lesionis
591 156 696 179 discrimine,

125 186 155 203 per
167 182 216 203 ipsos
229 183 290 203 pontes
302 181 369 198 valeant
378 181 423 198 exire
433 181 482 202 quasi
491 181 523 198 iam
534 181 614 198 ordinatis
623 181 695 198 aciebus

124 206 141 223 in
151 206 219 228 prelium
229 206 334 228 processuri,
344 206 384 223 etsi
393 210 436 228 opus
446 205 494 222 fuerit
506 206 566 223 erectis
579 206 622 223 velis
632 206 695 223 intrare

124 231 191 253 possint
200 230 260 247 llumen
269 230 345 247 Damiate
354 230 381 247 vel
390 230 435 247 aliud
444 230 511 252 aliquod
520 230 585 247 llumeu.

161 255 225 272 Eodem
236 259 280 272 anno
294 254 382 272 Cunradus
394 255 491 272 Portuensis
505 255 595 277 episcopus
609 256 626 272 et
635 256 695 272 sancte

124 280 182 297 Rufine
192 279 280 297 cardinalis
289 284 300 296 a
308 279 349 297 sede
359 279 451 301 apostolica
460 284 490 302 pro
502 280 571 297 utilitate
580 281 640 297 sancte
649 281 693 296 terre

124 305 140 322 in
150 305 260 322 Thentoniam
269 305 345 326 mittitur,
355 306 372 321 et
384 306 432 322 sexta
442 304 482 321 feria
491 306 530 327 post
538 306 638 327 pentecoste
648 303 693 327 [iuni

125 329 144 352 7]
155 329 224 346 Colonie
233 334 270 346 eum
279 329 342 346 honore
351 329 445 351 suscipitur.

160 354 200 371 ltern
210 355 248 376 ipso
257 358 301 371 anno
310 354 398 371 Jobannes
407 358 437 371 rex
445 354 590 371 Jerosoliinitanus
599 358 653 371 causa
660 359 692 376 pe-

124 379 240 401 regrinationis
254 379 309 396 limina
322 379 376 396 sancti
385 379 445 396 Jacobi
454 379 514 396 visitat*
528 379 558 396 Cui
567 379 584 396 in
593 378 647 396 reditu
657 379 691 396 tilia

123 404 168 426 regis
181 403 261 426 Hispanie
275 403 392 425 desponsatur.
406 403 447 421 Inde
461 403 546 421 divertens
556 408 615 421 versus
625 404 692 421 Tento-

123 429 166 445 niam
180 428 201 445 ad
215 428 309 446 Heinrioum
319 432 375 450 regem
387 428 437 445 silium
446 429 549 450 imperatoris
559 430 575 446 et
584 433 621 445 cum
631 428 692 445 eodem

123 452 209 470 Coloniam
218 453 312 475 profectus,
322 453 343 470 ab
352 453 449 474 Engilbenu
459 453 586 475 archiepiscopo
595 455 612 470 et
621 455 657 470 tota
664 453 692 470 ci-

123 478 174 495 vitate
186 478 203 495 in
215 478 272 499 vigilia
286 478 406 500 assumptionis
422 477 469 495 beate
483 478 537 495 Mario
550 477 597 501 [aug.
608 477 640 500 ilo]
653 482 691 495 cum

122 507 184 524 magno
193 502 257 519 honore
267 504 283 519 et
292 502 354 524 gaudio
364 503 458 524 suscipitur.

159 527 189 544 Per
203 527 245 544 idem
260 528 324 550 tempus
338 527 426 544 Heinricus
439 531 469 544 rex
481 532 517 544 curn
530 527 628 549 Engilberto
638 524 691 544 Colo-

122 552 177 568 niensi
188 551 315 574 archiepiscopo
329 553 345 569 et
359 551 436 569 Cunrado
447 552 505 573 legato
514 552 560 569 sedis
569 552 664 574 apostolice
673 554 691 569 et

122 576 221 598 quibusdam
234 576 343 599 principibus,
356 581 386 599 pro
399 576 497 593 liberatione
504 577 556 598 ‘regis
569 576 621 593 Dacie
633 578 650 593 et
659 581 690 593 re-

122 601 207 618 stitutione
215 603 258 618 terre
263 601 325 623 imperii
334 601 355 618 ab
361 601 420 619 eodem
429 601 490 618 iniuste
499 606 587 624 possesse,
597 601 690 618 Saxoniam

121 626 192 643 intravit
204 626 236 643 Ubi
245 631 275 649 per
284 626 368 643 biennium
378 631 387 643 a
396 626 456 643 comite
465 626 543 643 Heinrico
553 626 574 643 de
584 626 660 644 Scuirinli
671 626 690 643 in

121 651 214 668 firmissimo
228 653 244 668 et
257 651 370 668 inaccessibili
383 653 439 668 castro
448 652 515 668 nomine
525 651 636 668 Danenbereli
644 650 690 668 idem

121 680 150 692 rex
163 680 200 693 cum
212 675 246 693 silio
261 680 293 693 suo
305 677 364 698 captus
377 676 468 693 tenebatur.
489 675 581 693 Venientes
594 676 650 697 itaque
666 675 689 692 ad

120 699 186 717 Alvium
199 700 266 717 fluvium
278 700 348 722 predicti
360 701 452 722 principes,
465 700 582 717 Herimannum
590 700 689 722 magistrum

120 725 208 747 hospitalis
221 725 359 747 Toutonicoruni,
373 725 401 747 qui
414 725 435 742 ab
446 725 546 747 imperatore
559 725 575 742 in
588 725 689 742 'l'eutoniam

120 750 182 766 missus
191 749 244 766 suerat
253 754 304 767 eausa
313 750 453 767 reconciliationis
460 752 475 766 et
485 750 611 772 compositionis
620 749 688 766 sacien-

120 773 147 796 de,
157 773 178 791 ad
187 776 273 796 utrosque,
283 774 346 791 scilieet
355 779 411 796 regern
421 775 437 791 et
445 775 528 795 comitem,
538 775 637 796 premittunt.
649 773 689 794 Quo

119 798 203 816 mediante
217 799 239 816 ad
251 799 284 816 hoc
296 799 374 816 inductus
387 801 414 816 est
426 799 470 816 idem
483 803 520 821 rex,
533 800 551 816 ut
563 801 614 816 totam
626 800 689 816 terram

120 828 169 845 quam
178 824 248 846 imperio
257 823 347 841 abstulerat
356 823 435 846 reddere,
449 825 466 841 et
476 828 555 841 eoronam
564 823 585 841 de
595 828 645 841 manu
654 823 690 840 im—

119 848 201 870 peratoris
209 849 301 870 suscipere,
309 849 378 871 insuper
387 850 453 866 centuni
462 848 505 865 milia
516 853 605 866 marcarum
614 852 645 870 pro
656 848 689 865 ab-

120 873 203 890 solutione
213 877 244 890 sua
253 872 292 890 dare
302 874 407 895 promitteret,
421 872 469 893 Quod
479 877 515 890 cuin
524 874 633 895 acceptarent
641 873 689 894 prin-

120 898 167 920 cipes
181 898 209 920 qui
222 902 259 915 cum
272 902 312 920 rege
326 900 414 920 presentes
423 897 502 920 aderant,
510 897 589 915 Albertus
598 902 655 915 comes
665 897 688 915 de

120 922 220 940 Urlernunde
233 923 276 940 illins
286 923 347 940 sororis
357 923 410 945 ipsius
419 923 464 944 regis
474 924 491 939 et
500 922 572 940 barones
581 922 633 939 Daeie
642 922 687 940 hanc

119 947 258 969 compositionem
267 947 385 970 reprobantes,
399 949 415 964 et
427 952 448 964 ea
457 952 490 969 que
499 948 580 969 promissa
589 949 637 964 erant
646 951 687 964 eas-

119 973 187 994 santes‚
196 973 273 989 ascensis
282 972 352 989 navibus
362 977 399 989 curn
407 972 523 993 indignatione
535 973 650 994 recesserunt,
659 972 687 989 in-

119 996 181 1013 finitam
199 997 286 1018 pecuniam
300 1001 348 1018 quani
362 996 384 1014 ad
398 996 510 1014 redimendum
524 1001 581 1018 regern
596 996 688 1014 aitisseraut

119 1025 176 1038 secum
189 1021 290 1038 deserentes.
304 1021 352 1039 Unde
364 1021 433 1043 predicti
445 1022 529 1044 principes
541 1021 603 1039 infecto
612 1021 687 1043 negocio

119 1045 185 1063 confusi
194 1045 314 1063 discesserunt.
324 1045 403 1064 Albertus
412 1047 462 1068 igitur
471 1046 492 1063 de
498 1046 597 1063 Urlemunde
606 1048 646 1068 post
655 1050 686 1063 na-

119 1070 152 1087 tale
161 1070 222 1087 domini
232 1073 336 1092 congregato
346 1071 420 1088 exercitu
429 1071 524 1088 Heinricum
533 1071 609 1088 comitem
615 1070 687 1092 adgredi
