<?xml version="1.0" encoding="UTF-8"?>
<!DOCTYPE html PUBLIC "-//W3C//DTD XHTML 1.0 Transitional//EN"
    "http://www.w3.org/TR/xhtml1/DTD/xhtml1-transitional.dtd">
<html xmlns="http://www.w3.org/1999/xhtml" xml:lang="en" lang="en">
 <head>
  <title>
</title>
<meta http-equiv="Content-Type" content="text/html;charset=utf-8" />
  <meta name='ocr-system' content='tesseract 3.04.00' />
  <meta name='ocr-capabilities' content='ocr_page ocr_carea ocr_par ocr_line ocrx_word'/>
</head>
<body>
  <div class='ocr_page' id='page_1' title='image "./fontesrerumgerm05hubegoog_0613.png"; bbox 0 0 738 1221; ppageno 0'>
   <div class='ocr_carea' id='block_1_1' title="bbox 102 50 485 68">
    <p class='ocr_par' dir='ltr' id='par_1_1' title="bbox 102 50 485 68">
     <span class='ocr_line' id='line_1_1' title="bbox 102 50 485 68; baseline 0.005 -2"><span class='ocrx_word' id='word_1_1' title='bbox 102 50 136 66; x_wconf 81' lang='lat'><strong>552</strong></span> <span class='ocrx_word' id='word_1_2' title='bbox 283 56 379 68; x_wconf 65' lang='lat' dir='ltr'><strong>:annuimus</strong></span> <span class='ocrx_word' id='word_1_3' title='bbox 391 56 485 68; x_wconf 55' lang='lat' dir='ltr'><strong>araur-usis.</strong></span> 
     </span>
    </p>
   </div>
   <div class='ocr_carea' id='block_1_2' title="bbox 61 90 674 1076">
    <p class='ocr_par' dir='ltr' id='par_1_2' title="bbox 61 90 671 261">
     <span class='ocr_line' id='line_1_2' title="bbox 61 90 671 113; baseline -0.002 -5"><span class='ocrx_word' id='word_1_4' title='bbox 61 95 94 109; x_wconf 73' lang='lat'><strong>1³03</strong></span> <span class='ocrx_word' id='word_1_5' title='bbox 103 95 183 108; x_wconf 86' lang='lat' dir='ltr'><strong>summum</strong></span> <span class='ocrx_word' id='word_1_6' title='bbox 192 91 287 113; x_wconf 81' lang='lat' dir='ltr'><strong>pontificem</strong></span> <span class='ocrx_word' id='word_1_7' title='bbox 300 90 350 108; x_wconf 78' lang='lat' dir='ltr'><strong>irater</strong></span> <span class='ocrx_word' id='word_1_8' title='bbox 359 90 438 108; x_wconf 78' lang='lat' dir='ltr'><strong>Nicolans</strong></span> <span class='ocrx_word' id='word_1_9' title='bbox 448 90 469 108; x_wconf 82' lang='lat' dir='ltr'><strong>de</strong></span> <span class='ocrx_word' id='word_1_10' title='bbox 480 90 538 108; x_wconf 80' lang='lat' dir='ltr'><strong>ordine</strong></span> <span class='ocrx_word' id='word_1_11' title='bbox 547 90 671 108; x_wconf 78' lang='lat' dir='ltr'><strong>Predicawrum</strong></span> 
     </span>
     <span class='ocr_line' id='line_1_3' title="bbox 101 115 670 138; baseline -0.002 -5"><span class='ocrx_word' id='word_1_12' title='bbox 101 116 193 138; x_wconf 75' lang='lat' dir='ltr'><strong>episeopus</strong></span> <span class='ocrx_word' id='word_1_13' title='bbox 202 115 299 133; x_wconf 83' lang='lat' dir='ltr'><strong>Hostiensis</strong></span> <span class='ocrx_word' id='word_1_14' title='bbox 307 117 324 133; x_wconf 79' lang='lat' dir='ltr'><strong>et</strong></span> <span class='ocrx_word' id='word_1_15' title='bbox 333 117 404 133; x_wconf 79' lang='lat' dir='ltr'><strong>vocatus</strong></span> <span class='ocrx_word' id='word_1_16' title='bbox 413 117 440 132; x_wconf 88' lang='lat' dir='ltr'><strong>est</strong></span> <span class='ocrx_word' id='word_1_17' title='bbox 448 115 554 132; x_wconf 76' lang='lat' dir='ltr'><strong>Benedictus.</strong></span> <span class='ocrx_word' id='word_1_18' title='bbox 571 115 603 135; x_wconf 85' lang='lat' dir='ltr'><strong>Qui</strong></span> <span class='ocrx_word' id='word_1_19' title='bbox 612 115 670 133; x_wconf 73' lang='lat' dir='ltr'><strong>favore</strong></span> 
     </span>
     <span class='ocr_line' id='line_1_4' title="bbox 102 140 670 162; baseline 0 -5"><span class='ocrx_word' id='word_1_20' title='bbox 102 140 168 157; x_wconf 76' lang='lat' dir='ltr'><strong>fratrum</strong></span> <span class='ocrx_word' id='word_1_21' title='bbox 178 140 240 158; x_wconf 77' lang='lat' dir='ltr'>ordinis</span> <span class='ocrx_word' id='word_1_22' title='bbox 246 140 275 158; x_wconf 87' lang='lat' dir='ltr'><strong>&#39;sui</strong></span> <span class='ocrx_word' id='word_1_23' title='bbox 284 140 334 158; x_wconf 87' lang='lat' dir='ltr'><strong>multa</strong></span> <span class='ocrx_word' id='word_1_24' title='bbox 346 145 379 162; x_wconf 81' lang='lat' dir='ltr'><strong>que</strong></span> <span class='ocrx_word' id='word_1_25' title='bbox 388 140 472 162; x_wconf 71' lang='lat' dir='ltr'><strong>predictus</strong></span> <span class='ocrx_word' id='word_1_26' title='bbox 481 140 577 157; x_wconf 78' lang='lat' dir='ltr'><strong>Bonilacius</strong></span> <span class='ocrx_word' id='word_1_27' title='bbox 587 145 631 162; x_wconf 78' lang='lat' dir='ltr'><strong>papa</strong></span> <span class='ocrx_word' id='word_1_28' title='bbox 639 145 670 162; x_wconf 79' lang='lat' dir='ltr'><strong>pro</strong></span> 
     </span>
     <span class='ocr_line' id='line_1_5' title="bbox 101 164 670 187; baseline -0.002 -4"><span class='ocrx_word' id='word_1_29' title='bbox 101 165 192 184; x_wconf 77' lang='lat' dir='ltr'><strong>eoncordia</strong></span> <span class='ocrx_word' id='word_1_30' title='bbox 201 165 241 182; x_wconf 81' lang='lat' dir='ltr'><strong>cleri</strong></span> <span class='ocrx_word' id='word_1_31' title='bbox 254 170 275 182; x_wconf 84' lang='lat' dir='ltr'><strong>ex</strong></span> <span class='ocrx_word' id='word_1_32' title='bbox 288 167 334 187; x_wconf 79' lang='lat' dir='ltr'><strong>parte</strong></span> <span class='ocrx_word' id='word_1_33' title='bbox 346 169 389 187; x_wconf 79' lang='lat' dir='ltr'><strong>una,</strong></span> <span class='ocrx_word' id='word_1_34' title='bbox 402 167 419 182; x_wconf 87' lang='lat' dir='ltr'><strong>et</strong></span> <span class='ocrx_word' id='word_1_35' title='bbox 428 164 550 183; x_wconf 81' lang='lat' dir='ltr'><strong>Predicatorum</strong></span> <span class='ocrx_word' id='word_1_36' title='bbox 562 166 579 182; x_wconf 90' lang='lat' dir='ltr'><strong>et</strong></span> <span class='ocrx_word' id='word_1_37' title='bbox 587 165 670 182; x_wconf 80' lang='lat' dir='ltr'><strong>Minorum</strong></span> 
     </span>
     <span class='ocr_line' id='line_1_6' title="bbox 102 189 671 212; baseline 0 -5"><span class='ocrx_word' id='word_1_38' title='bbox 102 190 177 208; x_wconf 82' lang='lat' dir='ltr'>ordinum</span> <span class='ocrx_word' id='word_1_39' title='bbox 187 190 254 207; x_wconf 78' lang='lat' dir='ltr'><strong>fratrum</strong></span> <span class='ocrx_word' id='word_1_40' title='bbox 263 194 285 207; x_wconf 82' lang='lat' dir='ltr'><strong>ex</strong></span> <span class='ocrx_word' id='word_1_41' title='bbox 293 190 344 207; x_wconf 74' lang='lat' dir='ltr'><strong>altera</strong></span> <span class='ocrx_word' id='word_1_42' title='bbox 354 191 443 212; x_wconf 79' lang='lat' dir='ltr'><strong>statuerat,</strong></span> <span class='ocrx_word' id='word_1_43' title='bbox 457 190 544 212; x_wconf 81' lang='lat' dir='ltr'><strong>repentino</strong></span> <span class='ocrx_word' id='word_1_44' title='bbox 557 189 629 207; x_wconf 81' lang='lat' dir='ltr'><strong>oonsilio</strong></span> <span class='ocrx_word' id='word_1_45' title='bbox 642 194 671 207; x_wconf 88' lang='lat' dir='ltr'><strong>re-</strong></span> 
     </span>
     <span class='ocr_line' id='line_1_7' title="bbox 102 214 671 237; baseline -0.002 -5"><span class='ocrx_word' id='word_1_46' title='bbox 102 215 183 237; x_wconf 72' lang='lat' dir='ltr'><strong>tractavit,</strong></span> <span class='ocrx_word' id='word_1_47' title='bbox 192 216 210 232; x_wconf 85' lang='lat' dir='ltr'><strong>ut</strong></span> <span class='ocrx_word' id='word_1_48' title='bbox 218 216 264 237; x_wconf 83' lang='lat' dir='ltr'><strong>patet</strong></span> <span class='ocrx_word' id='word_1_49' title='bbox 272 214 322 232; x_wconf 75' lang='lat' dir='ltr'><strong>inira:</strong></span> <span class='ocrx_word' id='word_1_50' title='bbox 336 214 382 232; x_wconf 65' lang='lat' dir='ltr'><strong>Inter</strong></span> <span class='ocrx_word' id='word_1_51' title='bbox 391 216 459 232; x_wconf 67' lang='lat' dir='ltr'><strong>cunctas</strong></span> <span class='ocrx_word' id='word_1_52' title='bbox 469 214 587 232; x_wconf 63' lang='lat' dir='ltr'><strong>sollicitudines</strong></span> <span class='ocrx_word' id='word_1_53' title='bbox 597 216 671 235; x_wconf 59' lang='lat' dir='ltr'><strong>mura-r,</strong></span> 
     </span>
     <span class='ocr_line' id='line_1_8' title="bbox 102 238 556 261; baseline -0.002 -4"><span class='ocrx_word' id='word_1_54' title='bbox 102 238 175 260; x_wconf 73' lang='lat' dir='ltr'><strong>in‘litera</strong></span> <span class='ocrx_word' id='word_1_55' title='bbox 184 244 216 261; x_wconf 85' lang='lat' dir='ltr'><strong>que</strong></span> <span class='ocrx_word' id='word_1_56' title='bbox 226 239 295 257; x_wconf 79' lang='lat' dir='ltr'><strong>inferius</strong></span> <span class='ocrx_word' id='word_1_57' title='bbox 304 244 341 257; x_wconf 82' lang='lat' dir='ltr'><strong>curn</strong></span> <span class='ocrx_word' id='word_1_58' title='bbox 350 240 388 257; x_wconf 87' lang='lat' dir='ltr'><strong>aliis</strong></span> <span class='ocrx_word' id='word_1_59' title='bbox 397 240 448 257; x_wconf 82' lang='lat' dir='ltr'><strong>literis</strong></span> <span class='ocrx_word' id='word_1_60' title='bbox 458 240 556 257; x_wconf 70' lang='lat' dir='ltr'><strong>continetur.</strong></span> 
     </span>
    </p>

    <p class='ocr_par' dir='ltr' id='par_1_3' title="bbox 102 263 674 1055">
     <span class='ocr_line' id='line_1_9' title="bbox 139 263 671 282; baseline 0 -1"><span class='ocrx_word' id='word_1_61' title='bbox 139 263 188 281; x_wconf 86' lang='lat' dir='ltr'><strong>Anno</strong></span> <span class='ocrx_word' id='word_1_62' title='bbox 202 264 265 282; x_wconf 87' lang='lat' dir='ltr'><strong>domini</strong></span> <span class='ocrx_word' id='word_1_63' title='bbox 278 264 360 282; x_wconf 82' lang='lat' dir='ltr'><strong>m.ooc.iiii.</strong></span> <span class='ocrx_word' id='word_1_64' title='bbox 370 263 374 273; x_wconf 85' lang='lat'><em>¹</em></span> <span class='ocrx_word' id='word_1_65' title='bbox 394 263 472 281; x_wconf 78' lang='lat' dir='ltr'><strong>Albertus</strong></span> <span class='ocrx_word' id='word_1_66' title='bbox 480 264 591 282; x_wconf 82' lang='lat' dir='ltr'><strong>Romanorum</strong></span> <span class='ocrx_word' id='word_1_67' title='bbox 600 269 630 281; x_wconf 85' lang='lat' dir='ltr'><strong>rex</strong></span> <span class='ocrx_word' id='word_1_68' title='bbox 639 269 671 281; x_wconf 77' lang='lat' dir='ltr'><strong>vo-</strong></span> 
     </span>
     <span class='ocr_line' id='line_1_10' title="bbox 103 289 672 311; baseline 0 -5"><span class='ocrx_word' id='word_1_69' title='bbox 103 289 152 306; x_wconf 87' lang='lat' dir='ltr'><strong>niens</strong></span> <span class='ocrx_word' id='word_1_70' title='bbox 162 289 183 306; x_wconf 88' lang='lat' dir='ltr'><strong>ad</strong></span> <span class='ocrx_word' id='word_1_71' title='bbox 190 289 320 311; x_wconf 73' lang='lat' dir='ltr'><strong>impugnandum</strong></span> <span class='ocrx_word' id='word_1_72' title='bbox 329 294 386 311; x_wconf 80' lang='lat' dir='ltr'><strong>regem</strong></span> <span class='ocrx_word' id='word_1_73' title='bbox 394 289 474 306; x_wconf 84' lang='lat' dir='ltr'><strong>Bobemie</strong></span> <span class='ocrx_word' id='word_1_74' title='bbox 485 289 595 306; x_wconf 79' lang='lat' dir='ltr'><strong>Wenezlaum</strong></span> <span class='ocrx_word' id='word_1_75' title='bbox 604 291 672 306; x_wconf 81' lang='lat' dir='ltr'><strong>eastra-</strong></span> 
     </span>
     <span class='ocr_line' id='line_1_11' title="bbox 102 313 672 336; baseline 0 -5"><span class='ocrx_word' id='word_1_76' title='bbox 102 315 174 331; x_wconf 80' lang='lat' dir='ltr'><strong>metatus</strong></span> <span class='ocrx_word' id='word_1_77' title='bbox 187 315 213 331; x_wconf 89' lang='lat' dir='ltr'><strong>est</strong></span> <span class='ocrx_word' id='word_1_78' title='bbox 225 318 277 336; x_wconf 79' lang='lat' dir='ltr'><strong>prope</strong></span> <span class='ocrx_word' id='word_1_79' title='bbox 286 314 393 336; x_wconf 81' lang='lat' dir='ltr'><strong>Ratisponam</strong></span> <span class='ocrx_word' id='word_1_80' title='bbox 403 313 447 336; x_wconf 80' lang='lat' dir='ltr'><strong>apud</strong></span> <span class='ocrx_word' id='word_1_81' title='bbox 463 314 514 336; x_wconf 79' lang='lat' dir='ltr'><strong>ripam</strong></span> <span class='ocrx_word' id='word_1_82' title='bbox 523 313 587 335; x_wconf 78' lang='lat' dir='ltr'><strong>Regeu.</strong></span> <span class='ocrx_word' id='word_1_83' title='bbox 603 314 624 331; x_wconf 82' lang='lat' dir='ltr'><strong>Et</strong></span> <span class='ocrx_word' id='word_1_84' title='bbox 634 315 672 331; x_wconf 84' lang='lat' dir='ltr'><strong>tau-</strong></span> 
     </span>
     <span class='ocr_line' id='line_1_12' title="bbox 103 338 671 361; baseline 0.002 -6"><span class='ocrx_word' id='word_1_85' title='bbox 103 338 140 355; x_wconf 81' lang='lat' dir='ltr'><strong>dem</strong></span> <span class='ocrx_word' id='word_1_86' title='bbox 151 339 234 356; x_wconf 80' lang='lat' dir='ltr'><strong>transiens</strong></span> <span class='ocrx_word' id='word_1_87' title='bbox 244 339 327 356; x_wconf 73' lang='lat' dir='ltr'><strong>civitatem</strong></span> <span class='ocrx_word' id='word_1_88' title='bbox 335 338 444 360; x_wconf 79' lang='lat' dir='ltr'><strong>Ratisponam</strong></span> <span class='ocrx_word' id='word_1_89' title='bbox 457 340 474 355; x_wconf 83' lang='lat' dir='ltr'><strong>et</strong></span> <span class='ocrx_word' id='word_1_90' title='bbox 483 338 504 355; x_wconf 86' lang='lat' dir='ltr'><strong>de</strong></span> <span class='ocrx_word' id='word_1_91' title='bbox 512 339 593 361; x_wconf 81' lang='lat' dir='ltr'><strong>permissu</strong></span> <span class='ocrx_word' id='word_1_92' title='bbox 604 338 671 356; x_wconf 82' lang='lat' dir='ltr'><strong>Ottonis</strong></span> 
     </span>
     <span class='ocr_line' id='line_1_13' title="bbox 103 363 672 386; baseline 0 -6"><span class='ocrx_word' id='word_1_93' title='bbox 103 363 150 380; x_wconf 79' lang='lat' dir='ltr'><strong>ducis</strong></span> <span class='ocrx_word' id='word_1_94' title='bbox 160 363 235 380; x_wconf 77' lang='lat' dir='ltr'><strong>Bawarie</strong></span> <span class='ocrx_word' id='word_1_95' title='bbox 248 364 310 386; x_wconf 82' lang='lat' dir='ltr'><strong>rapinis</strong></span> <span class='ocrx_word' id='word_1_96' title='bbox 324 365 341 380; x_wconf 89' lang='lat' dir='ltr'><strong>et</strong></span> <span class='ocrx_word' id='word_1_97' title='bbox 353 363 435 380; x_wconf 80' lang='lat' dir='ltr'><strong>incendiis</strong></span> <span class='ocrx_word' id='word_1_98' title='bbox 445 367 478 380; x_wconf 88' lang='lat' dir='ltr'><strong>non</strong></span> <span class='ocrx_word' id='word_1_99' title='bbox 488 363 553 381; x_wconf 83' lang='lat' dir='ltr'><strong>modica</strong></span> <span class='ocrx_word' id='word_1_100' title='bbox 563 363 585 381; x_wconf 84' lang='lat' dir='ltr'><strong>ibi</strong></span> <span class='ocrx_word' id='word_1_101' title='bbox 599 363 672 385; x_wconf 83' lang='lat' dir='ltr'><strong>dampna</strong></span> 
     </span>
     <span class='ocr_line' id='line_1_14' title="bbox 103 387 672 411; baseline 0 -6"><span class='ocrx_word' id='word_1_102' title='bbox 103 388 146 405; x_wconf 81' lang='lat' dir='ltr'><strong>fecit.</strong></span> <span class='ocrx_word' id='word_1_103' title='bbox 159 388 180 405; x_wconf 85' lang='lat' dir='ltr'><strong>Et</strong></span> <span class='ocrx_word' id='word_1_104' title='bbox 188 389 271 410; x_wconf 81' lang='lat' dir='ltr'><strong>prooessit</strong></span> <span class='ocrx_word' id='word_1_105' title='bbox 279 392 339 405; x_wconf 89' lang='lat' dir='ltr'><strong>versus</strong></span> <span class='ocrx_word' id='word_1_106' title='bbox 346 387 434 411; x_wconf 72' lang='lat' dir='ltr'><strong>Austriam,</strong></span> <span class='ocrx_word' id='word_1_107' title='bbox 443 388 521 405; x_wconf 85' lang='lat' dir='ltr'><strong>euntibus</strong></span> <span class='ocrx_word' id='word_1_108' title='bbox 530 392 587 405; x_wconf 82' lang='lat' dir='ltr'><strong>secum</strong></span> <span class='ocrx_word' id='word_1_109' title='bbox 596 388 613 405; x_wconf 92' lang='lat' dir='ltr'><strong>in</strong></span> <span class='ocrx_word' id='word_1_110' title='bbox 622 393 672 406; x_wconf 80' lang='lat' dir='ltr'><strong>exer-</strong></span> 
     </span>
     <span class='ocr_line' id='line_1_15' title="bbox 103 413 671 435; baseline 0 -5"><span class='ocrx_word' id='word_1_111' title='bbox 103 414 144 430; x_wconf 77' lang='lat' dir='ltr'><strong>citu:</strong></span> <span class='ocrx_word' id='word_1_112' title='bbox 158 413 285 435; x_wconf 83' lang='lat' dir='ltr'><strong>Saltzburgensi</strong></span> <span class='ocrx_word' id='word_1_113' title='bbox 294 413 421 435; x_wconf 65' lang='lat' dir='ltr'><strong>archiepiscopo</strong></span> <span class='ocrx_word' id='word_1_114' title='bbox 425 426 430 435; x_wconf 83' lang='lat'><em>,</em></span> <span class='ocrx_word' id='word_1_115' title='bbox 439 413 544 434; x_wconf 76' lang='lat' dir='ltr'><strong>Frisiugensi</strong></span> <span class='ocrx_word' id='word_1_116' title='bbox 552 413 671 435; x_wconf 81' lang='lat' dir='ltr'><strong>Ratispononsi</strong></span> 
     </span>
     <span class='ocr_line' id='line_1_16' title="bbox 103 437 671 461; baseline 0 -6"><span class='ocrx_word' id='word_1_117' title='bbox 103 438 197 455; x_wconf 82' lang='lat' dir='ltr'><strong>Pataviensi</strong></span> <span class='ocrx_word' id='word_1_118' title='bbox 210 438 316 460; x_wconf 77' lang='lat' dir='ltr'><strong>Angustcnsi</strong></span> <span class='ocrx_word' id='word_1_119' title='bbox 328 438 402 460; x_wconf 84' lang='lat' dir='ltr'><strong>Spirensi</strong></span> <span class='ocrx_word' id='word_1_120' title='bbox 419 439 435 455; x_wconf 83' lang='lat' dir='ltr'><strong>et</strong></span> <span class='ocrx_word' id='word_1_121' title='bbox 448 437 566 460; x_wconf 83' lang='lat' dir='ltr'><strong>Herhipolensi</strong></span> <span class='ocrx_word' id='word_1_122' title='bbox 579 438 671 461; x_wconf 78' lang='lat' dir='ltr'><strong>episeopis,</strong></span> 
     </span>
     <span class='ocr_line' id='line_1_17' title="bbox 103 462 672 485; baseline -0.002 -5"><span class='ocrx_word' id='word_1_123' title='bbox 103 462 164 480; x_wconf 78' lang='lat' dir='ltr'><strong>Ottone</strong></span> <span class='ocrx_word' id='word_1_124' title='bbox 181 464 198 480; x_wconf 86' lang='lat' dir='ltr'><strong>et</strong></span> <span class='ocrx_word' id='word_1_125' title='bbox 216 462 288 480; x_wconf 76' lang='lat' dir='ltr'><strong>Rudoli&#39;o</strong></span> <span class='ocrx_word' id='word_1_126' title='bbox 308 462 379 480; x_wconf 83' lang='lat' dir='ltr'><strong>ducibus</strong></span> <span class='ocrx_word' id='word_1_127' title='bbox 396 462 471 479; x_wconf 81' lang='lat' dir='ltr'><strong>Bawarie</strong></span> <span class='ocrx_word' id='word_1_128' title='bbox 479 475 484 485; x_wconf 42' lang='grc' dir='ltr'><em>γ</em></span> <span class='ocrx_word' id='word_1_129' title='bbox 505 462 526 479; x_wconf 83' lang='lat' dir='ltr'><strong>de</strong></span> <span class='ocrx_word' id='word_1_130' title='bbox 543 462 634 485; x_wconf 78' lang='lat' dir='ltr'><strong>Hirsperch</strong></span> <span class='ocrx_word' id='word_1_131' title='bbox 651 462 672 480; x_wconf 84' lang='lat' dir='ltr'><strong>de</strong></span> 
     </span>
     <span class='ocr_line' id='line_1_18' title="bbox 103 487 673 509; baseline 0 -5"><span class='ocrx_word' id='word_1_132' title='bbox 103 487 166 509; x_wconf 80' lang='lat' dir='ltr'><strong>Oeting</strong></span> <span class='ocrx_word' id='word_1_133' title='bbox 174 487 195 504; x_wconf 88' lang='lat' dir='ltr'><strong>de</strong></span> <span class='ocrx_word' id='word_1_134' title='bbox 204 487 321 505; x_wconf 82' lang='lat' dir='ltr'><strong>Wirtenbereh</strong></span> <span class='ocrx_word' id='word_1_135' title='bbox 333 487 354 504; x_wconf 83' lang='lat' dir='ltr'><strong>tle</strong></span> <span class='ocrx_word' id='word_1_136' title='bbox 363 487 452 504; x_wconf 74' lang='lat' dir='ltr'><strong>Haierlooh</strong></span> <span class='ocrx_word' id='word_1_137' title='bbox 463 487 485 504; x_wconf 84' lang='lat' dir='ltr'><strong>de</strong></span> <span class='ocrx_word' id='word_1_138' title='bbox 493 487 593 504; x_wconf 82' lang='lat' dir='ltr'><strong>Hobenlooh</strong></span> <span class='ocrx_word' id='word_1_139' title='bbox 605 488 673 505; x_wconf 76' lang='lat' dir='ltr'><strong>eomiti-</strong></span> 
     </span>
     <span class='ocr_line' id='line_1_19' title="bbox 103 512 673 535; baseline 0 -6"><span class='ocrx_word' id='word_1_140' title='bbox 103 512 143 534; x_wconf 81' lang='lat' dir='ltr'><strong>bus,</strong></span> <span class='ocrx_word' id='word_1_141' title='bbox 153 514 169 529; x_wconf 81' lang='lat' dir='ltr'><strong>ot</strong></span> <span class='ocrx_word' id='word_1_142' title='bbox 178 512 215 529; x_wconf 84' lang='lat' dir='ltr'><strong>aliis</strong></span> <span class='ocrx_word' id='word_1_143' title='bbox 224 512 304 535; x_wconf 76' lang='lat' dir='ltr'><strong>pluribus.</strong></span> <span class='ocrx_word' id='word_1_144' title='bbox 320 512 395 529; x_wconf 76' lang='lat' dir='ltr'>Veniens</span> <span class='ocrx_word' id='word_1_145' title='bbox 404 512 454 534; x_wconf 75' lang='lat' dir='ltr'><strong>igitur</strong></span> <span class='ocrx_word' id='word_1_146' title='bbox 462 512 479 529; x_wconf 88' lang='lat' dir='ltr'><strong>in</strong></span> <span class='ocrx_word' id='word_1_147' title='bbox 489 512 540 529; x_wconf 81' lang='lat' dir='ltr'><strong>Linez</strong></span> <span class='ocrx_word' id='word_1_148' title='bbox 549 517 578 534; x_wconf 81' lang='lat' dir='ltr'><strong>per</strong></span> <span class='ocrx_word' id='word_1_149' title='bbox 587 512 673 534; x_wconf 82' lang='lat' dir='ltr'><strong>navigium</strong></span> 
     </span>
     <span class='ocr_line' id='line_1_20' title="bbox 104 537 673 555; baseline 0.002 -2"><span class='ocrx_word' id='word_1_150' title='bbox 104 537 180 554; x_wconf 72' lang='lat' dir='ltr'><strong>transivit</strong></span> <span class='ocrx_word' id='word_1_151' title='bbox 191 541 228 554; x_wconf 78' lang='lat' dir='ltr'><strong>oum</strong></span> <span class='ocrx_word' id='word_1_152' title='bbox 237 538 273 554; x_wconf 83' lang='lat' dir='ltr'><strong>to&#39;to</strong></span> <span class='ocrx_word' id='word_1_153' title='bbox 282 537 356 554; x_wconf 81' lang='lat' dir='ltr'><strong>exercitu</strong></span> <span class='ocrx_word' id='word_1_154' title='bbox 366 537 460 555; x_wconf 82' lang='lat' dir='ltr'><strong>Danubium</strong></span> <span class='ocrx_word' id='word_1_155' title='bbox 469 538 486 554; x_wconf 86' lang='lat' dir='ltr'><strong>et</strong></span> <span class='ocrx_word' id='word_1_156' title='bbox 494 537 562 554; x_wconf 86' lang='lat' dir='ltr'><strong>intravit</strong></span> <span class='ocrx_word' id='word_1_157' title='bbox 570 537 673 554; x_wconf 84' lang='lat' dir='ltr'><strong>Bobemiam.</strong></span> 
     </span>
     <span class='ocr_line' id='line_1_21' title="bbox 103 561 673 584; baseline 0 -6"><span class='ocrx_word' id='word_1_158' title='bbox 103 561 124 578; x_wconf 79' lang='lat' dir='ltr'><strong>Et</strong></span> <span class='ocrx_word' id='word_1_159' title='bbox 137 562 153 578; x_wconf 90' lang='lat' dir='ltr'><strong>in</strong></span> <span class='ocrx_word' id='word_1_160' title='bbox 166 561 224 578; x_wconf 86' lang='lat' dir='ltr'><strong>eadem</strong></span> <span class='ocrx_word' id='word_1_161' title='bbox 238 562 322 584; x_wconf 80' lang='lat' dir='ltr'><strong>processit</strong></span> <span class='ocrx_word' id='word_1_162' title='bbox 332 561 414 578; x_wconf 75' lang='lat' dir='ltr'><strong>hostiliter</strong></span> <span class='ocrx_word' id='word_1_163' title='bbox 427 566 480 583; x_wconf 75' lang='lat' dir='ltr'><strong>usque</strong></span> <span class='ocrx_word' id='word_1_164' title='bbox 493 561 514 578; x_wconf 84' lang='lat' dir='ltr'><strong>ad</strong></span> <span class='ocrx_word' id='word_1_165' title='bbox 523 562 588 583; x_wconf 82' lang='lat' dir='ltr'><strong>argenti</strong></span> <span class='ocrx_word' id='word_1_166' title='bbox 598 561 673 579; x_wconf 74' lang='lat' dir='ltr'><strong>fodinam</strong></span> 
     </span>
     <span class='ocr_line' id='line_1_22' title="bbox 104 586 673 609; baseline 0 -6"><span class='ocrx_word' id='word_1_167' title='bbox 104 590 136 608; x_wconf 80' lang='lat' dir='ltr'><strong>que</strong></span> <span class='ocrx_word' id='word_1_168' title='bbox 146 586 205 603; x_wconf 80' lang='lat' dir='ltr'><strong>dicitur</strong></span> <span class='ocrx_word' id='word_1_169' title='bbox 214 586 294 609; x_wconf 83' lang='lat' dir='ltr'><strong>Chutten,</strong></span> <span class='ocrx_word' id='word_1_170' title='bbox 306 586 396 604; x_wconf 85' lang='lat' dir='ltr'><strong>intendens</strong></span> <span class='ocrx_word' id='word_1_171' title='bbox 409 586 480 603; x_wconf 82' lang='lat' dir='ltr'><strong>eundem</strong></span> <span class='ocrx_word' id='word_1_172' title='bbox 493 586 548 603; x_wconf 80' lang='lat' dir='ltr'><strong>locum</strong></span> <span class='ocrx_word' id='word_1_173' title='bbox 561 587 588 608; x_wconf 81' lang='lat' dir='ltr'><strong>qui</strong></span> <span class='ocrx_word' id='word_1_174' title='bbox 598 586 673 604; x_wconf 82' lang='lat' dir='ltr'><strong>abundat</strong></span> 
     </span>
     <span class='ocr_line' id='line_1_23' title="bbox 104 611 673 634; baseline 0.002 -6"><span class='ocrx_word' id='word_1_175' title='bbox 104 611 165 628; x_wconf 84' lang='lat' dir='ltr'><strong>divitiis</strong></span> <span class='ocrx_word' id='word_1_176' title='bbox 175 616 276 634; x_wconf 78' lang='lat' dir='ltr'><strong>expugnare.</strong></span> <span class='ocrx_word' id='word_1_177' title='bbox 289 611 351 628; x_wconf 88' lang='lat' dir='ltr'><strong>Mansit</strong></span> <span class='ocrx_word' id='word_1_178' title='bbox 360 613 416 628; x_wconf 81' lang='lat' dir='ltr'><strong>autem</strong></span> <span class='ocrx_word' id='word_1_179' title='bbox 424 612 441 628; x_wconf 85' lang='lat' dir='ltr'><strong>in</strong></span> <span class='ocrx_word' id='word_1_180' title='bbox 450 611 538 628; x_wconf 83' lang='lat' dir='ltr'><strong>obsidione</strong></span> <span class='ocrx_word' id='word_1_181' title='bbox 547 611 591 628; x_wconf 91' lang='lat' dir='ltr'><strong>illius</strong></span> <span class='ocrx_word' id='word_1_182' title='bbox 598 611 621 629; x_wconf 84' lang='lat' dir='ltr'><strong>ad</strong></span> <span class='ocrx_word' id='word_1_183' title='bbox 630 616 673 634; x_wconf 80' lang='lat' dir='ltr'><strong>qua-</strong></span> 
     </span>
     <span class='ocr_line' id='line_1_24' title="bbox 104 636 672 658; baseline 0 -5"><span class='ocrx_word' id='word_1_184' title='bbox 104 638 142 653; x_wconf 80' lang='lat' dir='ltr'><strong>tuor</strong></span> <span class='ocrx_word' id='word_1_185' title='bbox 155 636 201 658; x_wconf 75' lang='lat' dir='ltr'><strong>dies,</strong></span> <span class='ocrx_word' id='word_1_186' title='bbox 217 638 233 653; x_wconf 87' lang='lat' dir='ltr'><strong>et</strong></span> <span class='ocrx_word' id='word_1_187' title='bbox 242 636 309 653; x_wconf 86' lang='lat' dir='ltr'><strong>taudem</strong></span> <span class='ocrx_word' id='word_1_188' title='bbox 321 636 382 653; x_wconf 78' lang='lat' dir='ltr'><strong>abinde</strong></span> <span class='ocrx_word' id='word_1_189' title='bbox 395 636 475 658; x_wconf 58' lang='lat' dir='ltr'><strong>ret-sessu,</strong></span> <span class='ocrx_word' id='word_1_190' title='bbox 491 636 537 653; x_wconf 85' lang='lat' dir='ltr'><strong>nulla</strong></span> <span class='ocrx_word' id='word_1_191' title='bbox 546 636 672 658; x_wconf 71' lang='lat' dir='ltr'><strong>impugnatione</strong></span> 
     </span>
     <span class='ocr_line' id='line_1_25' title="bbox 104 660 673 683; baseline 0.002 -6"><span class='ocrx_word' id='word_1_192' title='bbox 104 660 126 677; x_wconf 85' lang='lat' dir='ltr'><strong>ibi</strong></span> <span class='ocrx_word' id='word_1_193' title='bbox 135 660 184 683; x_wconf 76' lang='lat' dir='ltr'><strong>saeta,</strong></span> <span class='ocrx_word' id='word_1_194' title='bbox 193 662 210 678; x_wconf 78' lang='lat' dir='ltr'><strong>et</strong></span> <span class='ocrx_word' id='word_1_195' title='bbox 219 665 249 683; x_wconf 85' lang='lat' dir='ltr'><strong>per</strong></span> <span class='ocrx_word' id='word_1_196' title='bbox 256 661 304 678; x_wconf 86' lang='lat' dir='ltr'><strong>aliam</strong></span> <span class='ocrx_word' id='word_1_197' title='bbox 311 661 354 678; x_wconf 86' lang='lat' dir='ltr'><strong>viam</strong></span> <span class='ocrx_word' id='word_1_198' title='bbox 363 665 400 678; x_wconf 81' lang='lat' dir='ltr'><strong>oum</strong></span> <span class='ocrx_word' id='word_1_199' title='bbox 409 661 484 678; x_wconf 78' lang='lat' dir='ltr'><strong>exercitu</strong></span> <span class='ocrx_word' id='word_1_200' title='bbox 492 661 509 677; x_wconf 91' lang='lat' dir='ltr'><strong>in</strong></span> <span class='ocrx_word' id='word_1_201' title='bbox 518 660 601 678; x_wconf 82' lang='lat' dir='ltr'><strong>Austriam</strong></span> <span class='ocrx_word' id='word_1_202' title='bbox 610 662 637 678; x_wconf 81' lang='lat' dir='ltr'><strong>est</strong></span> <span class='ocrx_word' id='word_1_203' title='bbox 645 665 673 678; x_wconf 81' lang='lat' dir='ltr'><strong>re-</strong></span> 
     </span>
     <span class='ocr_line' id='line_1_26' title="bbox 104 685 673 708; baseline 0.002 -6"><span class='ocrx_word' id='word_1_204' title='bbox 104 690 169 702; x_wconf 88' lang='lat' dir='ltr'><strong>versus.</strong></span> <span class='ocrx_word' id='word_1_205' title='bbox 183 685 262 703; x_wconf 85' lang='lat' dir='ltr'><strong>Trnxerat</strong></span> <span class='ocrx_word' id='word_1_206' title='bbox 274 686 317 703; x_wconf 75' lang='lat' dir='ltr'><strong>enim</strong></span> <span class='ocrx_word' id='word_1_207' title='bbox 327 690 389 703; x_wconf 88' lang='lat' dir='ltr'><strong>moram</strong></span> <span class='ocrx_word' id='word_1_208' title='bbox 398 686 415 702; x_wconf 91' lang='lat' dir='ltr'><strong>in</strong></span> <span class='ocrx_word' id='word_1_209' title='bbox 424 685 503 703; x_wconf 82' lang='lat' dir='ltr'><strong>Bohemia</strong></span> <span class='ocrx_word' id='word_1_210' title='bbox 517 685 538 702; x_wconf 86' lang='lat' dir='ltr'><strong>ad</strong></span> <span class='ocrx_word' id='word_1_211' title='bbox 547 690 582 704; x_wconf 78' lang='lat' dir='ltr'><strong>,sex</strong></span> <span class='ocrx_word' id='word_1_212' title='bbox 591 686 673 708; x_wconf 79' lang='lat' dir='ltr'><strong>septima-</strong></span> 
     </span>
     <span class='ocr_line' id='line_1_27' title="bbox 105 710 673 733; baseline 0.002 -6"><span class='ocrx_word' id='word_1_213' title='bbox 105 714 135 727; x_wconf 82' lang='lat' dir='ltr'><strong>nas</strong></span> <span class='ocrx_word' id='word_1_214' title='bbox 144 710 171 727; x_wconf 84' lang='lat' dir='ltr'><strong>vel</strong></span> <span class='ocrx_word' id='word_1_215' title='bbox 180 710 230 732; x_wconf 89' lang='lat' dir='ltr'><strong>paulo</strong></span> <span class='ocrx_word' id='word_1_216' title='bbox 239 711 302 733; x_wconf 83' lang='lat' dir='ltr'><strong>minus,</strong></span> <span class='ocrx_word' id='word_1_217' title='bbox 316 712 333 728; x_wconf 84' lang='lat' dir='ltr'><strong>et</strong></span> <span class='ocrx_word' id='word_1_218' title='bbox 341 710 403 727; x_wconf 90' lang='lat' dir='ltr'><strong>nullum</strong></span> <span class='ocrx_word' id='word_1_219' title='bbox 413 712 493 733; x_wconf 67' lang='lat' dir='ltr'><strong>castrum,</strong></span> <span class='ocrx_word' id='word_1_220' title='bbox 506 711 539 727; x_wconf 89' lang='lat' dir='ltr'><strong>imo</strong></span> <span class='ocrx_word' id='word_1_221' title='bbox 548 715 579 728; x_wconf 75' lang='lat' dir='ltr'><strong>nee</strong></span> <span class='ocrx_word' id='word_1_222' title='bbox 588 711 673 728; x_wconf 74' lang='lat' dir='ltr'><strong>civitatem</strong></span> 
     </span>
     <span class='ocr_line' id='line_1_28' title="bbox 104 735 674 757; baseline 0.002 -6"><span class='ocrx_word' id='word_1_223' title='bbox 104 735 175 756; x_wconf 83' lang='lat' dir='ltr'><strong>aliquam</strong></span> <span class='ocrx_word' id='word_1_224' title='bbox 185 735 297 757; x_wconf 76' lang='lat' dir='ltr'><strong>expugnavit,</strong></span> <span class='ocrx_word' id='word_1_225' title='bbox 307 735 346 757; x_wconf 85' lang='lat' dir='ltr'><strong>quia</strong></span> <span class='ocrx_word' id='word_1_226' title='bbox 355 739 384 752; x_wconf 74' lang='lat' dir='ltr'><strong>tex</strong></span> <span class='ocrx_word' id='word_1_227' title='bbox 392 735 472 752; x_wconf 85' lang='lat' dir='ltr'><strong>Bohemie</strong></span> <span class='ocrx_word' id='word_1_228' title='bbox 480 735 580 752; x_wconf 71' lang='lat' dir='ltr'><strong>munitiones</strong></span> <span class='ocrx_word' id='word_1_229' title='bbox 590 740 631 752; x_wconf 87' lang='lat' dir='ltr'><strong>suas</strong></span> <span class='ocrx_word' id='word_1_230' title='bbox 641 736 674 752; x_wconf 87' lang='lat' dir='ltr'><strong>mi·-</strong></span> 
     </span>
     <span class='ocr_line' id='line_1_29' title="bbox 105 759 673 782; baseline 0.002 -6"><span class='ocrx_word' id='word_1_231' title='bbox 105 759 150 776; x_wconf 91' lang='lat' dir='ltr'><strong>litum</strong></span> <span class='ocrx_word' id='word_1_232' title='bbox 160 761 176 776; x_wconf 85' lang='lat' dir='ltr'><strong>et</strong></span> <span class='ocrx_word' id='word_1_233' title='bbox 185 759 282 777; x_wconf 68' lang='lat' dir='ltr'><strong>bellatorum</strong></span> <span class='ocrx_word' id='word_1_234' title='bbox 292 759 394 777; x_wconf 85' lang='lat' dir='ltr'><strong>multitudine</strong></span> <span class='ocrx_word' id='word_1_235' title='bbox 404 761 421 777; x_wconf 78' lang='lat' dir='ltr'><strong>et</strong></span> <span class='ocrx_word' id='word_1_236' title='bbox 427 760 540 777; x_wconf 76' lang='lat' dir='ltr'><strong>alimentorum</strong></span> <span class='ocrx_word' id='word_1_237' title='bbox 549 760 597 782; x_wconf 79' lang='lat' dir='ltr'><strong>copia</strong></span> <span class='ocrx_word' id='word_1_238' title='bbox 606 760 673 777; x_wconf 81' lang='lat' dir='ltr'><strong>abunde</strong></span> 
     </span>
     <span class='ocr_line' id='line_1_30' title="bbox 105 784 674 807; baseline 0.004 -7"><span class='ocrx_word' id='word_1_239' title='bbox 105 784 202 807; x_wconf 70' lang='lat' dir='ltr'><strong>muniverat,</strong></span> <span class='ocrx_word' id='word_1_240' title='bbox 211 785 233 801; x_wconf 92' lang='lat' dir='ltr'><strong>ita</strong></span> <span class='ocrx_word' id='word_1_241' title='bbox 243 784 289 806; x_wconf 85' lang='lat' dir='ltr'><strong>quod</strong></span> <span class='ocrx_word' id='word_1_242' title='bbox 298 785 335 801; x_wconf 82' lang='lat' dir='ltr'><strong>sine</strong></span> <span class='ocrx_word' id='word_1_243' title='bbox 344 785 395 801; x_wconf 90' lang='lat' dir='ltr'><strong>multa</strong></span> <span class='ocrx_word' id='word_1_244' title='bbox 404 786 460 806; x_wconf 77' lang='lat' dir='ltr'><strong>strage</strong></span> <span class='ocrx_word' id='word_1_245' title='bbox 470 789 503 802; x_wconf 82' lang='lat' dir='ltr'><strong>nou</strong></span> <span class='ocrx_word' id='word_1_246' title='bbox 512 786 589 807; x_wconf 79' lang='lat' dir='ltr'><strong>poterant</strong></span> <span class='ocrx_word' id='word_1_247' title='bbox 598 785 674 802; x_wconf 75' lang='lat' dir='ltr'><strong>obtineri.</strong></span> 
     </span>
     <span class='ocr_line' id='line_1_31' title="bbox 104 808 673 832; baseline 0.002 -6"><span class='ocrx_word' id='word_1_248' title='bbox 104 809 125 826; x_wconf 78' lang='lat' dir='ltr'><strong>Et</strong></span> <span class='ocrx_word' id='word_1_249' title='bbox 133 808 243 826; x_wconf 82' lang='lat' dir='ltr'><strong>Romanorum</strong></span> <span class='ocrx_word' id='word_1_250' title='bbox 256 814 294 832; x_wconf 87' lang='lat' dir='ltr'><strong>rex,</strong></span> <span class='ocrx_word' id='word_1_251' title='bbox 308 811 409 832; x_wconf 79' lang='lat' dir='ltr'><strong>exspectans</strong></span> <span class='ocrx_word' id='word_1_252' title='bbox 422 809 496 831; x_wconf 86' lang='lat' dir='ltr'><strong>quotidie</strong></span> <span class='ocrx_word' id='word_1_253' title='bbox 509 814 546 827; x_wconf 81' lang='lat' dir='ltr'><strong>oum</strong></span> <span class='ocrx_word' id='word_1_254' title='bbox 558 809 618 827; x_wconf 88' lang='lat' dir='ltr'><strong>eodem</strong></span> <span class='ocrx_word' id='word_1_255' title='bbox 632 814 673 831; x_wconf 81' lang='lat' dir='ltr'><strong>rege</strong></span> 
     </span>
     <span class='ocr_line' id='line_1_32' title="bbox 106 834 673 856; baseline 0 -5"><span class='ocrx_word' id='word_1_256' title='bbox 106 834 206 856; x_wconf 73' lang='lat' dir='ltr'><strong>conflictum,</strong></span> <span class='ocrx_word' id='word_1_257' title='bbox 215 834 268 851; x_wconf 83' lang='lat' dir='ltr'><strong>noluit</strong></span> <span class='ocrx_word' id='word_1_258' title='bbox 277 834 326 856; x_wconf 80' lang='lat' dir='ltr'><strong>quasi</strong></span> <span class='ocrx_word' id='word_1_259' title='bbox 335 834 356 851; x_wconf 90' lang='lat' dir='ltr'><strong>ad</strong></span> <span class='ocrx_word' id='word_1_260' title='bbox 365 836 458 856; x_wconf 78' lang='lat' dir='ltr'><strong>promptum</strong></span> <span class='ocrx_word' id='word_1_261' title='bbox 464 834 554 856; x_wconf 77' lang='lat' dir='ltr'><strong>pericnlum</strong></span> <span class='ocrx_word' id='word_1_262' title='bbox 564 839 605 851; x_wconf 81' lang='lat' dir='ltr'><strong>suos</strong></span> <span class='ocrx_word' id='word_1_263' title='bbox 614 834 673 851; x_wconf 78' lang='lat' dir='ltr'><strong>milites</strong></span> 
     </span>
     <span class='ocr_line' id='line_1_33' title="bbox 105 858 673 881; baseline 0.002 -6"><span class='ocrx_word' id='word_1_264' title='bbox 105 863 196 881; x_wconf 78' lang='lat' dir='ltr'><strong>exponere,</strong></span> <span class='ocrx_word' id='word_1_265' title='bbox 206 858 237 876; x_wconf 76' lang='lat' dir='ltr'><strong>sed</strong></span> <span class='ocrx_word' id='word_1_266' title='bbox 246 859 339 876; x_wconf 79' lang='lat' dir='ltr'><strong>incolumes</strong></span> <span class='ocrx_word' id='word_1_267' title='bbox 348 863 380 876; x_wconf 85' lang='lat' dir='ltr'><strong>suo</strong></span> <span class='ocrx_word' id='word_1_268' title='bbox 389 859 473 876; x_wconf 82' lang='lat' dir='ltr'><strong>conflictui</strong></span> <span class='ocrx_word' id='word_1_269' title='bbox 482 863 572 876; x_wconf 83' lang='lat' dir='ltr'><strong>reservare.</strong></span> <span class='ocrx_word' id='word_1_270' title='bbox 586 859 673 876; x_wconf 78' lang='lat' dir='ltr'><strong>Predictus</strong></span> 
     </span>
     <span class='ocr_line' id='line_1_34' title="bbox 105 883 673 901; baseline 0.002 -1"><span class='ocrx_word' id='word_1_271' title='bbox 105 883 158 900; x_wconf 72' lang='lat' dir='ltr'><strong>eciam</strong></span> <span class='ocrx_word' id='word_1_272' title='bbox 173 883 203 900; x_wconf 80' lang='lat' dir='ltr'><strong>‘rex</strong></span> <span class='ocrx_word' id='word_1_273' title='bbox 215 883 295 901; x_wconf 85' lang='lat' dir='ltr'><strong>Bohemie</strong></span> <span class='ocrx_word' id='word_1_274' title='bbox 311 883 333 901; x_wconf 86' lang='lat' dir='ltr'><strong>de</strong></span> <span class='ocrx_word' id='word_1_275' title='bbox 346 884 393 901; x_wconf 87' lang='lat' dir='ltr'><strong>terris</strong></span> <span class='ocrx_word' id='word_1_276' title='bbox 407 883 505 901; x_wconf 85' lang='lat' dir='ltr'><strong>Alamannie</strong></span> <span class='ocrx_word' id='word_1_277' title='bbox 517 884 587 901; x_wconf 83' lang='lat' dir='ltr'><strong>Polonie</strong></span> <span class='ocrx_word' id='word_1_278' title='bbox 599 884 673 901; x_wconf 85' lang='lat' dir='ltr'><strong>Saxonie</strong></span> 
     </span>
     <span class='ocr_line' id='line_1_35' title="bbox 106 907 674 931; baseline 0 -6"><span class='ocrx_word' id='word_1_279' title='bbox 106 907 188 925; x_wconf 80' lang='lat' dir='ltr'><strong>Miohsnie</strong></span> <span class='ocrx_word' id='word_1_280' title='bbox 199 909 215 925; x_wconf 82' lang='lat' dir='ltr'><strong>et</strong></span> <span class='ocrx_word' id='word_1_281' title='bbox 224 908 354 926; x_wconf 80' lang='lat' dir='ltr'><strong>Brandenhurob</strong></span> <span class='ocrx_word' id='word_1_282' title='bbox 362 908 413 925; x_wconf 90' lang='lat' dir='ltr'><strong>multa</strong></span> <span class='ocrx_word' id='word_1_283' title='bbox 421 908 478 925; x_wconf 89' lang='lat' dir='ltr'><strong>militia</strong></span> <span class='ocrx_word' id='word_1_284' title='bbox 487 908 583 931; x_wconf 66' lang='lat' dir='ltr'><strong>iuvabatur,</strong></span> <span class='ocrx_word' id='word_1_285' title='bbox 595 909 619 925; x_wconf 83' lang='lat' dir='ltr'><strong>ita</strong></span> <span class='ocrx_word' id='word_1_286' title='bbox 628 908 674 930; x_wconf 87' lang='lat' dir='ltr'><strong>qnod</strong></span> 
     </span>
     <span class='ocr_line' id='line_1_36' title="bbox 106 932 674 955; baseline 0.002 -6"><span class='ocrx_word' id='word_1_287' title='bbox 106 932 192 950; x_wconf 68' lang='lat' dir='ltr'><strong>dicebatur</strong></span> <span class='ocrx_word' id='word_1_288' title='bbox 204 933 264 950; x_wconf 85' lang='lat' dir='ltr'><strong>habere</strong></span> <span class='ocrx_word' id='word_1_289' title='bbox 277 933 293 950; x_wconf 87' lang='lat' dir='ltr'><strong>in</strong></span> <span class='ocrx_word' id='word_1_290' title='bbox 306 933 380 950; x_wconf 80' lang='lat' dir='ltr'><strong>exercitu</strong></span> <span class='ocrx_word' id='word_1_291' title='bbox 392 933 451 950; x_wconf 74' lang='lat' dir='ltr'><strong>decern</strong></span> <span class='ocrx_word' id='word_1_292' title='bbox 459 933 503 950; x_wconf 83' lang='lat' dir='ltr'><strong>milia</strong></span> <span class='ocrx_word' id='word_1_293' title='bbox 512 938 610 955; x_wconf 74' lang='lat' dir='ltr'><strong>magnorum</strong></span> <span class='ocrx_word' id='word_1_294' title='bbox 619 938 674 955; x_wconf 86' lang='lat' dir='ltr'><strong>equo-</strong></span> 
     </span>
     <span class='ocr_line' id='line_1_37' title="bbox 106 957 673 980; baseline 0.002 -6"><span class='ocrx_word' id='word_1_295' title='bbox 106 962 140 974; x_wconf 87' lang='lat' dir='ltr'><strong>rum</strong></span> <span class='ocrx_word' id='word_1_296' title='bbox 150 961 187 974; x_wconf 80' lang='lat' dir='ltr'><strong>eum</strong></span> <span class='ocrx_word' id='word_1_297' title='bbox 196 958 280 980; x_wconf 78' lang='lat' dir='ltr'><strong>militibus,</strong></span> <span class='ocrx_word' id='word_1_298' title='bbox 290 960 307 975; x_wconf 84' lang='lat' dir='ltr'><strong>et</strong></span> <span class='ocrx_word' id='word_1_299' title='bbox 315 957 385 975; x_wconf 77' lang='lat' dir='ltr'><strong>aliorum</strong></span> <span class='ocrx_word' id='word_1_300' title='bbox 394 958 495 980; x_wconf 74' lang='lat' dir='ltr'><strong>equestrium</strong></span> <span class='ocrx_word' id='word_1_301' title='bbox 505 959 521 975; x_wconf 82' lang='lat' dir='ltr'><strong>et</strong></span> <span class='ocrx_word' id='word_1_302' title='bbox 527 958 628 980; x_wconf 76' lang='lat' dir='ltr'><strong>pedestrium</strong></span> <span class='ocrx_word' id='word_1_303' title='bbox 636 958 673 980; x_wconf 84' lang='lat' dir='ltr'><strong>plus</strong></span> 
     </span>
     <span class='ocr_line' id='line_1_38' title="bbox 106 982 674 1005; baseline 0.002 -6"><span class='ocrx_word' id='word_1_304' title='bbox 106 986 155 1004; x_wconf 74' lang='lat' dir='ltr'><strong>quam</strong></span> <span class='ocrx_word' id='word_1_305' title='bbox 169 984 234 999; x_wconf 77' lang='lat' dir='ltr'><strong>centum</strong></span> <span class='ocrx_word' id='word_1_306' title='bbox 246 982 291 999; x_wconf 84' lang='lat' dir='ltr'><strong>milia</strong></span> <span class='ocrx_word' id='word_1_307' title='bbox 301 982 408 1005; x_wconf 78' lang='lat' dir='ltr'><strong>bellatorum,</strong></span> <span class='ocrx_word' id='word_1_308' title='bbox 422 984 439 999; x_wconf 86' lang='lat' dir='ltr'><strong>et</strong></span> <span class='ocrx_word' id='word_1_309' title='bbox 451 987 482 1005; x_wconf 77' lang='lat' dir='ltr'><strong>pro</strong></span> <span class='ocrx_word' id='word_1_310' title='bbox 494 983 581 1005; x_wconf 82' lang='lat' dir='ltr'><strong>stipendiis</strong></span> <span class='ocrx_word' id='word_1_311' title='bbox 594 982 674 1005; x_wconf 77' lang='lat' dir='ltr'><strong>expendit</strong></span> 
     </span>
     <span class='ocr_line' id='line_1_39' title="bbox 106 1007 673 1029; baseline 0.002 -5"><span class='ocrx_word' id='word_1_312' title='bbox 106 1007 178 1024; x_wconf 72' lang='lat' dir='ltr'><strong>ducenta</strong></span> <span class='ocrx_word' id='word_1_313' title='bbox 187 1007 231 1024; x_wconf 89' lang='lat' dir='ltr'><strong>milia</strong></span> <span class='ocrx_word' id='word_1_314' title='bbox 244 1012 335 1025; x_wconf 78' lang='lat' dir='ltr'><strong>marcarum</strong></span> <span class='ocrx_word' id='word_1_315' title='bbox 347 1007 418 1029; x_wconf 72' lang='lat' dir='ltr'><strong>argenti</strong></span> <span class='ocrx_word' id='word_1_316' title='bbox 435 1007 513 1025; x_wconf 83' lang='lat' dir='ltr'><strong>Preterea</strong></span> <span class='ocrx_word' id='word_1_317' title='bbox 525 1012 554 1025; x_wconf 83' lang='lat' dir='ltr'><strong>rex</strong></span> <span class='ocrx_word' id='word_1_318' title='bbox 562 1007 673 1025; x_wconf 80' lang='lat' dir='ltr'><strong>Romanorum</strong></span> 
     </span>
     <span class='ocr_line' id='line_1_40' title="bbox 106 1031 674 1055; baseline 0 -6"><span class='ocrx_word' id='word_1_319' title='bbox 106 1031 153 1049; x_wconf 79' lang='lat' dir='ltr'><strong>duxit</strong></span> <span class='ocrx_word' id='word_1_320' title='bbox 162 1036 219 1049; x_wconf 84' lang='lat' dir='ltr'><strong>secum</strong></span> <span class='ocrx_word' id='word_1_321' title='bbox 230 1037 286 1054; x_wconf 76' lang='lat' dir='ltr'><strong>regem</strong></span> <span class='ocrx_word' id='word_1_322' title='bbox 295 1033 377 1055; x_wconf 78' lang='lat' dir='ltr'><strong>Ungarie,</strong></span> <span class='ocrx_word' id='word_1_323' title='bbox 391 1032 419 1054; x_wconf 85' lang='lat' dir='ltr'><strong>qui</strong></span> <span class='ocrx_word' id='word_1_324' title='bbox 432 1032 488 1050; x_wconf 85' lang='lat' dir='ltr'><strong>hahuit</strong></span> <span class='ocrx_word' id='word_1_325' title='bbox 501 1033 562 1050; x_wconf 88' lang='lat' dir='ltr'><strong>multos</strong></span> <span class='ocrx_word' id='word_1_326' title='bbox 571 1032 649 1054; x_wconf 77' lang='lat' dir='ltr'><strong>Ungaros</strong></span> <span class='ocrx_word' id='word_1_327' title='bbox 658 1034 674 1049; x_wconf 93' lang='lat' dir='ltr'><strong>et</strong></span> 
     </span>
    </p>

    <p class='ocr_par' dir='ltr' id='par_1_4' title="bbox 125 1059 390 1076">
     <span class='ocr_line' id='line_1_41' title="bbox 125 1059 390 1076; baseline 0 -3"><span class='ocrx_word' id='word_1_328' title='bbox 125 1060 139 1076; x_wconf 81' lang='grc' dir='ltr'><strong>ι)</strong></span> <span class='ocrx_word' id='word_1_329' title='bbox 148 1059 215 1073; x_wconf 59' lang='lat' dir='ltr'><strong>mmmm.</strong></span> <span class='ocrx_word' id='word_1_330' title='bbox 224 1059 260 1072; x_wconf 69' lang='lat' dir='ltr'><strong>steht</strong></span> <span class='ocrx_word' id='word_1_331' title='bbox 269 1059 335 1076; x_wconf 69' lang='lat' dir='ltr'><strong>nnriemig</strong></span> <span class='ocrx_word' id='word_1_332' title='bbox 344 1059 365 1073; x_wconf 71' lang='lat' dir='ltr'><strong>imi</strong></span> <span class='ocrx_word' id='word_1_333' title='bbox 375 1059 390 1073; x_wconf 86' lang='lat' dir='ltr'><strong>c.</strong></span> 
     </span>
    </p>
   </div>
   <div class='ocr_carea' id='block_1_3' title="bbox 731 157 738 1137">
    <p class='ocr_par' dir='ltr' id='par_1_5' title="bbox 731 157 738 1137">
     <span class='ocr_line' id='line_1_42' title="bbox 731 157 738 1137; baseline 0 0"><span class='ocrx_word' id='word_1_334' title='bbox 731 157 738 1137; x_wconf 95' lang='lat' dir='ltr'><strong> </strong></span> 
     </span>
    </p>
   </div>
  </div>
 </body>
</html>
