738 1221
121 52 144 69 24
309 59 377 71 nutans
387 59 503 71 commisimus.

80 95 112 109 12⁸⁷
123 95 139 111 et
153 94 186 111 duo
200 92 291 111 marcarum
308 94 375 112 solvere
390 95 474 116 poterunt.
499 93 592 115 Episcopus
608 92 695 110 Meteasis

121 123 180 136 omnes
189 123 232 141 pene
244 118 297 136 Rheni
307 119 399 141 episcopos
409 120 425 136 et
434 122 493 135 omnes
503 117 580 135 dominos
588 121 632 139 quos
642 119 695 139 pote-

121 145 146 160 rat
159 144 217 166 precio
229 143 342 166 conducebat,
357 145 374 161 ct
384 143 494 165 congregavit
506 143 596 160 exercitum
607 147 694 164 magnum,

121 168 186 186 scilicet
197 170 268 190 quatuor
283 169 333 186 millia
348 168 417 185 militurn
436 172 472 185 cum
492 168 540 189 equis
558 167 660 189 phaleratis,
679 169 695 183 et

121 193 165 210 omni
180 193 207 210 die
217 194 337 215 quinquaginta
347 197 388 210 vasa
399 193 433 210 vini
442 194 459 210 et
468 193 585 214 septingentas
594 191 646 209 libras
659 196 695 208 me-

122 218 175 235 tensis
184 220 250 235 monete
264 218 376 241 stipendiariis
388 217 496 239 ministravit,
506 217 562 238 coegit
571 217 649 234 comitem
658 216 695 233 Ba-

122 247 187 260 rensem
206 243 242 260 eius
258 243 386 260 misericordiam
398 242 495 265 suppliciter
505 242 588 259 invocare.
609 241 695 259 Consules

122 267 257 289 Argentinenses
268 268 314 285 cives
326 272 366 285 suos
382 272 436 289 equos
449 267 511 284 habere
522 266 556 284 duo
570 266 620 283 millia
631 270 695 288 prece-

122 296 168 314 pcre.
182 291 226 309 Obiit
234 292 332 310 Cuonradus
341 292 362 309 de
373 292 466 309 Wirciburc
475 293 492 309 in
502 291 595 309 Teutonico
604 291 694 308 multorum

121 317 204 334 bonorum
216 317 322 334 dictaminum
334 317 436 339 compilator.
457 316 497 333 item
508 318 590 333 venerunt
600 316 622 333 ad
636 320 694 337 regern

122 341 210 359 liudulfum
224 341 299 359 fossores
315 342 390 364 argenti,
409 342 436 363 qui
452 343 506 358 turres
516 342 557 358 sitas
570 341 587 358 in
599 340 694 358 durissunis

122 367 174 389 petris
183 366 287 384 suffoderunt
299 368 316 384 et
328 371 358 384 eas
372 366 427 384 subito
441 366 542 383 deiecerunt.
555 365 648 383 Abbatissa
660 365 693 382 Se-

122 391 202 408 conensis
209 396 242 413 quo
251 393 268 408 et
275 392 379 413 procuratrix
386 391 454 408 claustri
463 390 511 408 vallis
521 390 597 408 Masonis
609 391 626 407 iu
637 390 694 407 dumi-

122 420 160 433 nam
173 416 240 433 claustri
253 416 410 434 Montis-Romarici
423 416 525 433 sublimatur.
538 415 634 437 Episcopus
644 415 694 432 Basi-

122 441 181 458 liensis
189 442 247 458 terram
255 441 319 458 comitis
327 440 486 462 Montis-Bilgardis
493 442 571 463 potenter
578 440 647 457 intravit
654 440 694 462 plu-

123 470 185 487 resque
193 466 241 483 villas
246 466 347 487 devastavit5
353 470 410 483 comes
415 470 455 482 vero
460 465 481 482 de
486 465 564 482 militibus
572 465 649 487 episcopi
656 464 693 487 plus

123 488 183 512 quum¹
191 491 311 512 quinquaginta
324 490 345 507 de
355 490 465 508 nobilioribus
472 494 493 507 ac
501 490 589 507 ditioribus
598 489 694 512 captivavit,

160 514 287 532 Mccilxxxiviii.
300 515 367 537 Expulit
378 515 454 532 dominus
469 514 521 532 abbas
529 514 646 532 Morbacensis
656 519 693 531 om-

123 544 154 556 nes
162 539 227 556 nobiles
235 539 256 556 de
264 540 333 557 castello
343 540 425 557 Gebwilre
435 544 465 562 pro
474 544 494 557 eo
504 539 549 562 quod
561 544 580 557 se
589 541 646 556 mutuo
655 539 693 556 vul-

123 566 223 581 neraverunt
241 564 358 582 fraudulenter.
384 564 435 586 Regis
450 564 516 581 liudolfi
532 564 576 581 lilius
588 564 693 586 lantgravius

123 587 199 606 Alsatie²
209 593 245 606 cum
255 590 321 606 centum
331 590 379 611 equis
391 590 408 606 in
417 590 461 606 curia
471 594 546 606 surorum
558 589 579 606 de
588 589 693 606 Columbaria

123 614 155 631 sub
160 614 201 631 Tilia
208 614 294 636 requievit*
308 614 399 631 Undecimo
408 614 440 631 lial.
448 614 526 631 februarii
535 614 585 631 multe
592 618 633 631 aves
641 617 693 636 prope

124 638 293 661 Montem-Bilgardis
303 641 428 661 convenerunt,
441 641 499 656 contra
509 643 528 656 se
537 641 665 661 pugnaverunt,
678 640 693 655 at

123 663 161 686 plus
170 668 219 686 quam
229 665 312 686 trecente,
321 666 340 681 ut
347 664 434 681 dicebatur
445 669 454 681 a
467 664 552 686 pluribus,
563 664 657 686 perierunt;
669 663 693 680 si-

124 688 183 705 militer
195 691 211 705 et
219 686 266 711 'porci
277 688 365 706 domestici
374 690 418 706 circa
428 689 499 706 eundern
510 689 564 706 locum
577 689 642 710 plurimi
650 692 692 705 con-

124 715 206 730 venerunt
218 715 235 730 et
247 718 266 730 se
279 714 339 733 mutuis
349 714 432 731 morsibus
439 713 541 731 occiderunt.
554 713 603 730 Judei
611 713 693 730 dederunt

124 738 159 759 regi
169 737 240 755 nodulfo
250 738 308 759 viginti
317 738 367 755 millia
378 743 468 755 marcarum
480 740 499 755 ut
510 739 534 755 eis
542 738 563 755 de
574 738 606 755 illis
617 738 638 755 de
650 737 692 754 We-

125 762 156 779 sila
164 764 181 779 et
192 762 213 779 de
221 762 303 784 Popardiu
311 763 397 780 iudicarat.
410 763 457 780 Circa
466 763 587 785 purificationis
596 763 643 780 venit
651 766 692 779 ven-

124 788 151 804 tus
163 787 191 809 qui
200 792 277 809 magnam
292 788 349 805 silvam
363 788 394 805 sub
404 788 492 805 Hohinnac
504 787 583 805 radicitus
594 787 692 805 devastavit.

124 811 169 829 Idem
180 813 239 829 ventus
248 812 340 830 Flaudriain
349 817 415 830 oceano
423 812 510 830 inundavit
519 812 541 829 ad
553 813 584 829 tria
592 816 653 834 magna
661 811 692 829 mi-

124 836 171 853 liaria
183 838 200 853 et
212 836 251 859 plus
259 841 307 859 quarn
319 838 440 859 quinquaginta
453 837 503 854 millia
511 837 595 854 bominum
606 836 693 854 interfecit.

125 860 159 878 Rex
168 860 249 879 Rudolfus
260 862 371 884 congregavit
386 863 474 879 exercitum
488 863 507 879 ut
521 862 610 879 obsessum
621 863 692 879 castrum

125 886 250 908 Maguntiuensi
264 886 331 904 domino
344 886 471 909 archiepiscopo
481 887 564 904 liberaret.
584 886 630 904 Obiit
643 886 693 903 irater

125 910 213 928 Heinricus
225 910 289 928 ordinis
300 908 366 928 fratrum
374 911 455 929 Minoi-um
468 911 545 929 dominus
556 911 692 933 archiepiscopus

125 935 233 957 Maguntinus
246 936 280 952 xiiii
293 936 325 953 lmL
339 936 401 958 aprilis,
425 936 460 953 Kal.
474 937 530 959 aprilis
546 941 575 953 rex
586 936 667 953 Ruanlrus
677 936 692 952 ei

126 960 216 982 episcopus
226 960 356 982 Argentinensis
368 962 385 978 et
396 961 442 978 cives
455 960 588 983 Argantinenses
601 962 618 978 et
631 959 691 978 domini

126 987 169 1002 lerra
184 985 200 1002 in
212 985 316 1002 Columbaria
328 985 374 1007 pacis
386 985 443 1003 federa
454 986 560 1008 iuraveruu‹;
570 986 641 1008 insuper
652 986 692 1002 iuwr

126 1009 185 1027 fratres
195 1010 310 1027 Prodicatoras
324 1012 340 1027 et
349 1011 394 1027 cives
404 1010 537 1032 Argentiuenses
550 1015 652 1033 componere
661 1014 691 1027 vo-

125 1034 195 1052 luissent
224 1034 286 1056 Re-gem
299 1034 387 1052 Rudollum
401 1035 467 1057 legatus
480 1035 549 1052 Francia
560 1035 639 1053 visitavit.
659 1034 692 1052 Rex

144 1061 159 1077 ς)
168 1065 207 1078 quam
217 1061 234 1074 in
244 1065 271 1074 vm·
280 1061 306 1075 miv
315 1063 373 1078 eroum.
392 1062 408 1078 2)
418 1061 444 1075 aux
454 1061 511 1075 nav-rie
521 1061 544 1075 nn
553 1061 582 1076 iuer
590 1061 625 1075 mii
634 1061 656 1075 aie
665 1061 683 1074 n».
