738 1221
127 61 163 78 534
314 67 410 79 absumimus
422 67 516 79 lit-nuntiate.

85 104 116 118 ¹281
128 102 167 120 Post
179 102 223 119 bunc
235 103 290 119 autem
303 102 367 119 electus
380 103 407 119 est
419 101 524 119 concorditer
536 102 553 118 in
562 101 638 119 abbatem
648 101 696 119 Alta-

127 127 196 144 bensem
209 127 287 144 dominus
302 127 360 149 Poppo
376 126 476 144 venerabilis
489 126 543 144 abbas
557 126 578 144 de
591 126 651 144 Altach
665 131 696 144 su-

127 152 186 174 periori
191 165 197 174 ,
208 152 232 169 vit·
240 152 298 173 utique
308 153 341 168 tam
350 152 439 169 sanctitate
448 156 498 173 quam
506 151 604 169 austeritate
613 152 648 169 vite
657 156 696 174 pre-

127 177 186 199 cipuus
195 176 259 194 zelator
267 176 330 193 ordinis
341 178 358 193 et
371 176 467 199 religionis,
480 176 509 198 qui
520 176 564 193 idem
576 176 695 193 monasterium

126 202 143 219 in
153 201 213 219 Altaeli
224 201 306 224 inferiori)
318 206 348 223 pcr
360 201 451 223 predictam
463 201 588 218 dissensionem
601 206 611 218 a
623 206 655 218 sua
665 201 696 218 ho-

127 228 193 244 nestate
205 226 278 248 graviter
290 226 396 248 inclinatum,
412 227 445 243 tam
460 226 476 243 iu
489 226 603 248 spiritualibus
616 230 667 248 quam
680 226 696 243 in

127 251 245 274 temporalibus
258 251 357 268 reformavit.
378 251 441 268 Eieotis
450 251 493 268 enim
503 249 602 273 quibusdam
611 250 696 273 fratribus,

127 277 155 298 qui
167 280 235 293 causam
248 280 279 293 seu
288 276 395 293 occasionem
407 275 481 298 predicte
494 275 596 293 dissensioni
608 275 697 299 dederant,

127 301 170 318 alios
179 301 270 323 assumpsit
278 301 307 322 qui
315 300 403 322 elegerunt
412 300 496 318 ambulare
503 301 520 317 in
527 300 577 318 domo
586 300 651 318 domiui
660 305 698 318 uum

128 330 218 343 consensu.
231 324 295 346 Quibus
304 325 320 342 in
329 325 435 347 regularibus
445 325 556 343 observantiis
564 325 617 342 taliter
628 325 698 348 profuit,

128 350 174 372 quod
184 350 276 372 predictum
288 350 407 367 monasterium
419 349 475 372 quoad
489 350 586 372 religionem
595 350 657 367 vicinis
667 355 699 368 ec—

128 375 185 392 clesiis
194 375 280 396 religionis
289 375 371 397 prebebat
379 375 481 397 exemplum,
489 376 507 392 et
514 375 567 392 eciam
575 375 628 397 longe
637 375 698 397 positis

127 401 185 417 sancte
194 399 263 417 vivendi
271 400 346 421 regulam
355 400 460 417 ostendebat.
469 400 510 417 Item
516 400 533 417 in
543 400 664 422 temporalibus
675 401 699 417 sio

127 424 196 447 provide
206 425 338 447 amministravit,
351 424 396 447 quod
408 425 425 442 in
437 425 487 442 domo
498 429 529 442 sua
542 425 607 442 famosa
619 425 698 443 omnibus

127 451 163 467 erat
168 449 280 472 hospitalitas,
285 451 302 466 et
308 449 420 472 undecunque
429 450 506 467 venirent
512 454 594 472 pauperes
603 454 698 472 pasceren-

127 476 157 491 tur.
167 474 252 496 Capellam
260 474 313 491 eciam
322 474 365 492 beati
374 474 440 496 Kyliani
449 479 459 492 a
467 478 499 491 suo
508 476 617 492 antecessore
624 474 698 492 inchoa-

127 501 160 516 tam
175 498 254 521 perfecit,
269 499 327 521 predia
339 499 386 521 plura
402 499 450 522 emit,
465 501 499 516 tres
515 504 585 521 magnas
602 500 699 517 construxit

127 524 210 546 piscinas,
219 525 236 541 et
245 524 262 540 in
270 524 348 541 omnibus
357 524 405 541 tactis
415 524 450 541 suis
460 524 493 541 deo
502 525 519 541 et
528 524 623 541 hominibus
632 524 698 542 amabi-

126 548 160 566 lem
173 553 192 565 se
205 548 283 565 ostendit.
304 548 376 566 cherat
389 549 433 566 enirn
441 549 558 566 monasterium
568 549 586 566 in
594 548 656 566 Altach
666 554 699 567 su—

126 573 188 596 periori
200 573 217 590 in
225 573 295 590 abbacia
304 573 398 595 vigintiduo
407 574 465 596 annis,
478 575 495 591 et
507 576 562 596 preter
574 574 628 596 ipsam
639 574 698 591 eccle-

127 598 168 615 siam
183 602 241 615 omnes
254 598 288 615 iere
302 603 358 616 muros
371 600 388 616 ot
401 598 466 616 edificia
477 598 501 616 ibi
514 599 535 616 de
550 603 595 616 novo
608 600 698 621 reparavit.

126 623 201 640 Tandem
210 627 255 640 auno
264 623 327 640 domini
336 623 448 641 m.cc.1xxx.ix
456 625 506 641 sexto
518 623 551 641 kal.
563 623 641 641 februarii
651 623 698 641 bono

128 648 160 665 fine
169 648 251 670 decessit,
264 648 281 664 in
294 648 359 670 capella
371 648 415 665 beati
424 648 489 670 Kyliaui
502 653 552 670 quam
563 648 659 670 perfecerat
672 651 698 666 est

127 673 208 695 sepultus.
224 672 265 689 Post
274 672 318 690 bunc
327 673 391 690 electus
401 674 427 695 est
435 673 452 690 in
461 673 538 690 abbatem
547 672 656 690 Altalieusem
665 673 698 691 do-

127 698 181 714 minus
190 697 297 714 Wouliardus
307 697 381 714 eiusdem
391 698 487 715 monasterii
496 698 595 720 monachus,
608 698 636 720 qui
646 699 698 716 autea

126 722 143 739 in
152 722 235 744 prioratu,
249 726 298 744 quem
307 722 360 744 longo
368 723 443 745 ternpore
452 723 503 745 rexit,
516 725 533 740 et
541 723 558 740 in
567 723 637 740 abbacia
646 725 697 745 post-

127 746 193 763 modum
206 746 283 763 omnibus
296 747 352 764 omnia
365 746 419 764 tactus
432 749 468 770 est,
480 749 498 764 ut
514 752 572 765 omnes
584 747 696 770 lucrifaceret,

126 773 144 788 et
151 773 169 788 ut
178 771 193 788 ei
202 771 259 788 inesse
269 771 352 788 videretur
362 772 450 789 manifeste
459 772 504 789 circa
512 772 589 790 subditos
598 773 643 790 iuste
653 777 696 791 con-

127 796 185 813 sulens
193 796 306 813 misericordia
316 797 332 813 et
341 796 369 819 pie
378 797 446 814 seviens
455 796 557 820 disciplina]

163 821 212 838 Anno
225 821 246 838 ab
258 821 371 838 incarnatione
386 821 448 839 domiui
464 822 572 839 m.cc.lxxx.ii.
588 822 649 840 Petrus
666 827 695 840 rex

126 845 230 868 Arrogonm
242 846 313 868 expulso
326 846 387 863 Karolo
400 851 450 869 rege,
465 851 535 868 regnum
548 846 604 864 Sicilie
617 849 697 869 potenter

126 871 220 892 occupavit„
237 870 306 893 Propter
318 871 364 893 quod
373 876 417 893 papa
425 871 508 888 Martinus
517 872 696 890 excommunicationis

126 896 225 912 sententiam
234 896 302 917 protulit
310 897 369 913 contra
377 896 440 918 ipsum,
455 896 498 913 sieut
511 896 576 919 plenius
586 898 633 919 patet
641 897 659 914 in
668 898 695 915 lit-

126 922 160 937 tera
169 920 287 942 subsequenti:

162 944 245 962 Martinus
254 945 346 967 episcopus
355 947 387 962 etc.
406 945 456 967 Cogit
468 950 501 963 nos
510 946 617 968 temporis—
623 947 694 968 aposto-

103 980 106 983 ·
125 969 162 986 licis
172 970 259 987 contraire.
277 970 298 987 Ut
307 971 362 987 autem
372 972 404 987 etc.
421 970 480 987 Datum
492 970 536 992 apud
545 970 606 988 Urbem
615 970 694 988 Veterem

125 994 141 1011 iu
150 994 205 1016 platea
218 994 262 1011 dicte
275 995 341 1012 maioris
351 995 432 1017 ecclesie,
444 995 460 1012 in
473 995 500 1012 die
510 995 615 1013 ascensionis
625 995 694 1018 domiui,

125 1019 231 1041 pontificatus
240 1020 293 1037 nostri
303 1024 347 1037 anno
356 1020 433 1037 secundo
440 1019 498 1043 [1282
508 1021 540 1037 mai
551 1019 576 1043 7].

161 1044 214 1064 Quam
224 1045 411 1062 excommunicationem
422 1049 458 1062 cum
468 1045 553 1067 predictus
563 1049 591 1062 rex
600 1044 694 1067 Arrogonie

125 1070 255 1091 contempneret,
264 1074 307 1091 papa
315 1070 393 1086 excitavit
400 1071 458 1087 contro
467 1074 504 1087 eum
512 1069 596 1087 dominum
603 1070 695 1093 Philippum
