738 1221
100 51 135 69 348
277 59 296 70 rx
306 58 389 70 somnino
400 58 489 70 coierunt.

58 95 92 109 ¹210
101 93 203 111 subsecutus
211 93 256 110 iuxta
265 93 338 115 Capuam
347 95 462 110 commoratur.
471 93 514 110 Hinc
523 94 622 115 gravissime
631 93 669 111 riis-

99 118 156 136 cordie
167 119 210 135 inter
218 122 278 140 papam
288 119 305 134 et
313 118 366 140 ipsum
374 118 453 135 oriuntur.
466 118 557 140 Imperator
564 123 575 135 a
582 123 627 140 papa
635 123 669 135 ex-

99 143 232 160 communicatur.
245 142 336 165 Imperator
343 147 373 165 per
382 143 458 160 civitates
466 145 483 160 et
490 143 558 160 castella
567 143 668 160 custodibus

99 168 191 190 deputatis,
201 172 222 184 nc
231 167 258 184 cui
270 167 343 184 adeundi
354 172 414 189 papam
424 172 454 190 pro
466 168 522 189 aliquo
532 168 605 189 negocio
617 168 669 185 liceat

99 192 185 210 interdicit.

136 217 173 234 Hoc
182 221 226 234 anno
235 217 252 233 in
261 216 334 234 adventu
347 216 410 234 domini
419 216 486 239 quidam
495 217 601 234 heresiarcha
609 217 667 234 Bern-

99 242 161 259 hardus
170 242 237 259 nomine
247 243 278 258 etc.

136 266 186 284 Anno
202 266 264 283 domini
277 266 345 283 micaxi.
366 265 405 283 ono
417 267 506 288 imperator
518 267 603 288 prosperis
616 268 667 283 utens

100 291 208 309 successibus
219 293 270 309 totam
279 291 310 308 sibi
319 290 395 313 Apuliam
405 293 422 308 et
431 291 523 308 Calabriam
532 291 612 314 subiecit,
625 292 668 308 civi-

99 318 142 333 tates
152 316 169 333 in
178 316 279 333 deditionem
292 316 367 338 aceepit,
383 318 438 333 castra
452 316 531 333 militibus
544 317 580 333 suis
593 317 667 333 munivit.

99 341 124 358 lbi
133 342 182 358 etiarn
193 341 260 363 quidam
269 341 352 363 principes
361 340 419 358 Sicilie
432 345 469 358 curn
478 341 577 358 Sarracenis
589 341 618 363 qui
632 341 668 358 ior-

100 366 163 383 tissima
173 367 228 383 castra
236 366 253 382 in
262 366 345 387 montanis
358 366 438 383 tenebant
451 370 488 383 eum
501 366 602 388 invitantes,
615 367 668 383 totam

99 391 172 408 Siciliam
181 391 218 408 eius
227 390 285 407 ditioni
294 390 398 407 subdendam
407 390 529 412 promittebant.

136 415 175 437 Ipso
185 420 230 432 anno
239 415 326 432 multitudo
335 415 416 432 nobilium
425 420 446 432 ex
455 415 527 432 diversis
536 415 612 437 partibus
622 417 654 432 eto.

137 440 176 462 lpso
185 440 237 457 eciarn
246 444 291 457 anno
301 439 372 457 Sisridus
381 439 518 461 Mogontinensis
530 440 669 462 archiepiscopus

99 466 116 482 et
125 465 190 487 legatus
200 469 210 481 a
218 469 262 486 papa
271 465 371 482 constitutus
383 469 420 482 cum
432 464 534 482 l-lerimanno
547 465 641 487 lantgravio
651 466 669 481 et

99 494 140 511 rege
153 489 221 506 Boenu'e
236 491 253 506 et
265 489 365 511 quibusdam
378 489 480 511 principibus
494 491 510 506 et
524 489 607 506 nobilibus
624 491 669 506 terre

99 514 144 537 apud
157 514 253 536 Bavinberg
265 514 365 536 colloquium
378 514 442 536 habuit
460 514 487 531 ubi
501 514 598 536 episcopum
614 514 669 536 ipsius

99 539 172 556 civitatis
181 540 248 561 propter
256 543 315 556 necem
324 538 394 561 Philippi
403 539 448 560 regis
457 539 545 561 expulsum
555 539 669 556 restituerunt.

100 564 155 581 Causa
168 563 216 580 etiam
230 563 279 580 huius
292 564 359 585 negocii
372 563 411 585 suit,
429 565 452 580 ιιιι
463 563 555 581 secundum
572 565 669 586 preceptum

99 593 143 611 pape
152 587 230 605 Ottonem
240 588 355 610 imperatorem
364 588 486 611 relinquerent,
499 590 516 605 et
526 588 626 605 Fridericurn
638 593 669 605 re-

99 618 137 635 gem
148 613 209 635 Sicilie,
219 613 269 630 filium
277 612 349 630 Heinriei
358 614 467 635 imperatoris,
482 613 568 634 eligerent
587 613 621 630 Sed
631 618 670 630 cum

99 638 155 661 plures
167 642 256 655 assensum
269 642 303 655 non
316 638 411 660 preberent,
427 638 490 655 inrecto
504 638 576 659 negocio
589 642 670 655 recesse-

100 665 141 680 runt.
164 663 189 679 Ibl
201 663 253 679 eeiarn
267 662 338 679 Sit'ridus
354 663 445 685 episcopus
457 662 535 680 Ottonem
552 663 669 685 imperatorem

99 688 258 709 excommunicavit,
271 689 288 704 et
299 687 355 704 missis
367 687 419 704 literis
428 688 464 704 suis
474 687 495 704 ad
504 692 563 704 omnes
572 687 670 709 archiepis-

99 716 153 734 copos
163 714 179 729 et
188 712 279 734 episcopos
289 714 306 729 ut
315 710 382 734 ipsurn¹
396 712 471 729 facerent
485 713 585 729 auctoritate
596 714 670 734 aposto-

99 737 131 754 lica
140 737 220 759 precepit.
232 736 281 754 Unde
290 738 382 754 commotus
391 737 474 759 palatinus
484 741 541 754 comes
550 737 602 754 Rheni
612 736 668 754 Hein-

100 762 144 778 ricus
154 761 203 778 frater
215 762 318 784 imperatoris
332 766 369 779 curn
379 761 421 779 duce
430 761 519 779 Brabantie
532 763 549 778 et
562 762 622 779 ceteris
635 766 669 778 no-

99 786 161 803 bilibus
170 786 278 808 Lotharingie
291 788 308 803 et
316 787 419 808 superiorum
433 787 502 808 partium
515 788 566 803 toturn
576 787 669 808 episcopa-

100 813 133 828 tum
142 811 278 833 Moguntiensem
287 811 331 828 circa
341 811 402 828 festum
410 811 464 828 sancti
469 811 567 828 michahelis
576 810 628 833 [sept.
635 810 668 834 29]

99 836 177 853 incendio
191 838 207 853 et
216 836 273 858 rapina
282 836 363 858 vastavit,
379 836 429 853 nichil
437 838 493 858 preter
501 836 578 853 civitates
588 837 604 853 et
613 837 670 853 castra

99 861 178 878 intactum
188 861 289 882 relinquens.

138 885 185 902 Tunc
197 886 249 902 eciam
262 886 306 902 circa
318 883 475 907 quadragesimam²
486 885 575 907 imperator
587 885 609 902 de
622 885 670 902 Italia

99 910 153 927 rediit-

136 934 185 952 Anno
198 935 260 952 domini
272 935 345 952 mccxli.
354 935 444 957 Imperator
455 935 500 957 apud
510 935 605 956 Nuriuherg
620 934 669 952 cele-

100 959 185 976 berrimam
198 960 259 977 curiam
271 960 314 977 cirea
327 961 438 982 pentecosten
452 959 493 982 [mai
507 959 539 982 13]
557 959 623 982 habuit,
640 960 670 976 nbi

100 984 176 1001 omnibus
185 985 212 1006 qui
222 986 310 1006 presentes
320 986 368 1001 erant
376 984 477 1006 principibus
487 989 554 1001 canstnn
562 989 616 1001 werre
625 984 670 1001 inter

99 1009 154 1031 ipsum
163 1011 180 1026 et
188 1013 248 1031 papam
257 1009 351 1026 innotescit.
368 1008 444 1030 Regnum
459 1009 511 1026 eciam
520 1009 588 1026 Boemie
601 1009 671 1026 abiudi-

100 1035 154 1051 catum
167 1033 251 1051 Odoacrio
260 1034 295 1055 regi
304 1038 334 1056 per
342 1034 442 1051 sententiam
451 1034 551 1056 principum,
566 1034 599 1051 tilio
608 1034 669 1056 ipsius,

117 1061 133 1077 ¹)
142 1060 211 1077 ametro,
220 1061 242 1074 ein
251 1061 347 1078 germanis-nm
356 1062 387 1074 ιιιιι
396 1060 436 1075 istum.
454 1061 470 1078 ²)
479 1065 497 1075 m
506 1061 540 1075 snae
549 1060 611 1075 surarum
621 1062 660 1075 1212.
