738 1221
220 72 301 84 aerummis
311 72 330 84 nt
340 62 433 84 nitsuinczu.v
571 66 605 83 127

44 109 129 124 remeasset
139 109 156 124 et
165 107 187 124 de
198 108 242 124 statu
252 107 299 129 regie
312 106 397 129 dignitatis
408 108 494 130 tractaret,
504 107 562 124 statuit
573 107 605 124 sibi
615 110 648 124 ms

44 132 139 149 mansionem
147 132 164 149 in
172 131 223 154 opido
231 132 363 154 Hagenowensi,
373 132 445 154 indeque
454 132 485 149 iter
492 132 560 161 arripuit
568 137 607 149 ver-

44 161 68 174 sus
76 156 170 179 Austriam,
178 158 236 174 eontra
246 161 303 178 regem
313 157 423 174 Bolieruorum
432 158 482 179 prout
493 157 570 179 superius
581 158 608 174 est

52 186 98 198 resen
112 183 151 198 tum.

44 186 52 204 p
75 182 124 223 ango
134 206 196 223 domini
206 211 225 223 m.
227 206 318 224 cclxxxix
328 206 401 223 erastino
406 206 512 228 Margaretlie
527 205 564 229 [iuli
573 206 605 229 13]
615 211 648 225 iaso

45 231 123 253 proiectus
136 233 163 248 est
172 231 249 248 dominus
261 231 343 248 Rudolsus
355 231 382 248 dai
392 232 444 253 gratia
453 230 564 249 Romanorum
573 236 607 254 rex,

44 260 95 273 comes
108 256 193 278 quondam
206 256 223 273 in
235 256 373 278 Habiehesburg,
385 260 430 273 anno
440 256 487 278 regni
496 256 522 273 sui
531 255 608 274 decimo-

45 282 88 297 sexto
100 282 159 297 eontra
173 281 316 303 archiepiscopum
326 283 342 298 et
351 281 435 298 civitatem
444 281 519 303 Bysnni,
528 280 608 303 onynum

45 306 115 322 tomitem
126 305 224 327 Burgundie
237 310 257 323 ac
269 306 370 327 generaliter
382 307 441 322 eontra
454 310 519 323 ornnem
532 306 607 328 Galliam,

45 334 90 347 causa
100 330 199 352 reipublice,
209 330 226 347 id
231 332 258 347 est
265 330 286 347 ad
293 330 424 352 recuperandum
433 330 513 347 bonorem
523 332 539 347 et
547 330 608 347 bonam

45 354 98 371 ramam
111 355 163 372 wtius
176 355 279 377 Theutunio,
292 360 325 377 que
338 355 380 372 saraa
394 355 482 377 denigrata
494 355 523 372 suit
537 357 554 372 et
566 355 608 372 udor

45 379 94 396 lienus
105 379 192 396 Alemanie
204 381 276 397 mutatus
285 380 302 397 in
311 380 364 397 recem
377 381 444 402 propter
453 379 569 397 detestandam
579 380 608 397 ru-

45 409 78 426 gam
88 405 163 427 episcopi
171 404 270 421 aniliensis
279 406 359 422 eteorum
370 405 398 426 qui
405 409 441 422 euni
450 409 471 422 eo
479 407 532 427 erant,
539 405 556 421 in
564 409 608 422 oon-

45 429 85 446 ttictu
95 431 154 446 contra
166 430 242 446 comitem
251 429 273 447 de
282 429 391 452 Montpeliart
399 431 417 446 et
423 434 474 452 suos,
484 430 512 451 qni
523 433 608 451 nunquam

44 454 130 475 evaginato
145 453 202 476 gladio
216 458 247 471 nec
258 454 320 471 vultum
336 454 441 471 defensionis
452 454 540 471 habentem
552 454 608 475 rugam

44 478 91 495 dedit.
104 478 142 495 Non
156 479 199 496 enim
209 479 226 495 in
237 479 294 496 odium
301 479 354 501 ipsius
365 479 427 496 domini
436 478 517 500 fugientis
527 478 571 496 istud
582 480 609 495 est

44 504 164 525 conscriptum,
174 503 205 520 sed
216 505 235 520 ut
245 504 273 521 alii
282 504 347 521 nobiles
359 503 445 521 Alemanie
456 508 501 521 more
514 504 608 521 Theutunl-

44 532 95 545 corum
104 528 191 545 andaciam
199 533 235 545 eum
246 529 307 546 astutia
314 530 434 545 manuteneant
443 530 557 550 competenter
566 530 583 545 et
590 530 609 545 ut

44 553 111 570 animosi
119 553 212 570 animosius
219 553 317 575 animentur,
327 554 375 570 sicuti
382 557 466 575 generosa
471 557 547 575 propago
555 553 608 575 ipsius

44 577 101 594 domini
110 577 230 600 delinquentis,
240 579 268 600 qui
276 578 297 595 ab
305 578 374 600 antiquo
384 579 400 595 et
408 578 465 599 longis
474 578 559 595 retroactis
566 579 608 595 tem-

44 602 108 624 poribus
117 607 147 625 pre
159 602 236 620 omnibus
248 602 334 620 Alemanie
343 603 427 620 nobilibus
437 603 491 624 gestis
500 602 608 620 nobilissimis

44 629 58 644 et
65 627 129 644 floridis
138 627 192 644 lloruit
200 627 330 645 habundantius.

76 652 141 669 Habuit
154 652 198 669 enini
209 652 284 675 prelatus
296 652 373 670 dominus
382 652 463 669 liudolfus
471 656 501 669 rex
510 652 526 669 in
538 651 608 674 expedi-

45 677 85 694 tione
93 676 171 699 predicta
182 681 212 694 sex
221 677 265 694 milia
277 678 359 700 equitum,
369 681 438 699 quorum
450 677 484 694 duo
493 677 536 694 milia
547 678 563 694 et
573 678 608 693 tre-

43 702 82 718 venti
88 702 158 719 suerunt
169 702 243 724 veterati,
254 703 343 719 eteentum
353 702 396 719 milia
407 701 480 724 peditum
489 703 506 719 et
514 701 608 719 octodecim

44 726 90 749 milia,
100 731 140 743 eum
148 727 227 743 trecentis
236 731 312 744 curruum
319 728 336 744 et
344 727 431 749 bygarum.
438 727 506 744 Intravit
514 727 570 748 itaque
575 730 607 748 po-

43 752 92 768 tenter
98 751 170 768 Galliam
182 753 198 768 et
207 751 274 768 obsedit
283 752 365 768 civitatem
374 752 515 773 Bysuntinensern
522 753 609 773 metropo-

43 775 116 798 litanam,
133 776 216 793 destruxit
225 778 294 798 segetes
305 776 377 793 civitatis
389 776 464 793 eiusdem
476 777 493 793 et
504 776 562 793 vineas
576 775 609 792 de-

43 801 122 823 vastavit,
132 801 221 823 municipia
229 803 247 818 et
253 801 302 818 villas
311 802 377 818 exussit
385 803 402 818 et
409 801 526 823 depopulavit,
536 805 556 818 ae
564 800 609 817 mul-

44 827 66 842 tas
77 826 189 848 insolentias,
203 826 269 843 favente
280 830 317 843 eum
330 826 386 843 divina
400 826 487 843 clementia
499 827 515 842 et
530 826 609 846 exigente

44 850 90 871 partis
103 850 177 868 adverse
188 851 258 873 malitia,
271 851 288 867 in
298 851 335 873 ipsa
344 851 396 868 Gallia
408 850 515 873 perpetravit.
528 850 564 867 Nee
575 854 609 866 non

44 875 159 892 universaliter
167 875 221 897 ipsam
231 875 300 893 Galliam
310 875 393 893 arridente
401 875 433 892 sibi
442 875 507 892 fortuna
515 874 609 896 depopula-

44 899 85 917 tione
96 900 193 922 horninum‚
203 900 287 917 ablatione
298 904 359 922 rernm,
370 900 469 917 mactatione
479 904 567 922 pecorum,
577 903 609 916 ex-

44 925 106 941 ustione
115 924 247 947 domiciliorum,
257 926 274 942 et
283 926 331 947 penis
341 925 377 942 aliis
386 925 454 942 infinitis
463 924 552 946 llagelavit.
562 924 609 941 Tan-

44 948 77 966 dem
88 951 131 972 post
143 949 194 966 inulta
205 951 222 966 et
232 949 357 967 innumerabilia
369 951 450 967 tormenta
461 949 494 971 ipsi
505 949 557 966 Gallie
565 949 610 966 illata

44 972 106 995 Otynus
117 973 215 995 Burgundio
228 978 284 991 coines
293 979 326 991 una
337 979 373 991 curn
383 974 418 991 suis
428 974 536 996 eomplicibus
547 973 609 990 videli—

45 1000 69 1015 cet
77 1000 93 1015 et
104 998 208 1016 fautoribus:
218 999 286 1016 domino
293 999 366 1016 Roberto
373 999 419 1021 regis
427 998 496 1016 Franoie
503 1000 570 1021 patruo,
580 1003 609 1015 ar-

45 1022 152 1046 chiepiscopo
163 1024 267 1046 Bysuntino,
277 1024 337 1041 comite
349 1024 370 1041 de
383 1024 474 1046 schaluns,
488 1024 548 1041 comite
560 1023 610 1040 Artu-

45 1048 96 1071 sensi,
106 1048 169 1066 comite
178 1048 276 1071 Campanie,
285 1049 345 1066 eomite
354 1049 375 1066 de
384 1048 442 1071 Savoi,
452 1049 511 1066 eomite
519 1048 540 1065 de
547 1047 609 1069 Insula,

46 1073 101 1090 comite
114 1073 138 1090 de
149 1073 230 1096 Pserreto,
243 1074 304 1091 comite
318 1073 339 1090 de
352 1073 466 1095 Montpeiliart
478 1075 496 1091 et
507 1073 574 1090 domino
588 1071 610 1089 de
