738 1221
121 64 157 82 ¹80
307 70 372 83 Annus
383 70 502 83 νωιΙΑτῐιιιειε.

80 108 113 123 ¹2³1
122 106 145 123 ibi
153 106 224 123 maxima
231 105 302 128 dampna
309 107 326 123 et
333 105 407 123 inaudita
415 110 435 122 ac
444 105 585 123 miserabilissime
591 104 603 129 ¹,
611 105 701 128 populum

120 130 227 151 christianum
238 130 336 153 occidendo,
348 131 423 147 eivitates
433 130 483 153 opida
494 132 511 147 et
519 130 568 148 villas
581 130 699 148 destruendo.

120 155 140 173 Et
151 160 188 172 oum
196 156 227 172 iam
236 157 295 172 essent
305 156 321 172 in
332 155 400 172 introitu
408 157 451 172 terre
458 155 524 172 Austrie
533 155 588 173 nullus
595 156 629 173 illis
639 156 701 178 potnit

120 180 204 198 resistere.
217 179 293 197 Audiens
300 180 331 197 hee
338 180 416 197 dominus
425 179 497 197 sifridus
503 180 644 202 archiepiscopus
652 180 700 198 Μο-

119 205 233 227 guntinensis,
245 205 306 222 volens
314 205 353 222 huic
359 205 444 227 provincie
451 206 493 222 terre
501 206 518 221 et
526 205 589 227 populo
597 205 699 222 christiano

119 229 217 252 providere,
231 229 287 247 habito
300 229 371 246 oonsilio
385 233 437 252 sano,
449 229 508 246 indixit
520 234 550 251 per
559 231 610 247 totam
620 230 699 252 provin-

120 255 161 271 eiam
169 254 318 276 Moguntinensem
327 254 409 271 stationes
417 255 536 276 processiones
543 259 580 271 eum
589 255 671 276 reliquiis
681 256 700 272 et

120 279 205 296 orationes
216 284 252 296 eum
262 279 317 296 missis
328 280 387 296 eontra
394 279 478 296 Tartarus*
494 278 530 299 Que
541 279 596 296 omnia
605 279 698 296 ohserva—

120 304 179 321 bantur
187 304 226 326 quia
234 304 310 321 homines
321 303 387 321 suerunt
395 304 442 325 quasi
451 303 541 326 desperati.
557 304 612 321 ,Iussit
620 309 698 327 qnoque

119 330 137 346 et
145 328 204 346 indixit
213 333 243 351 per
252 330 303 346 totam
315 328 417 350 provinciam
427 330 563 350 prememoratam
573 333 641 346 erucem
650 334 699 351 pre-

119 353 180 371 dicare.
193 353 214 370 Et
221 354 246 370 sie
252 353 337 375 predicata
345 355 413 370 esteum
420 353 491 370 maxima
499 353 587 375 diligentia
595 358 626 376 per
633 354 698 371 omnin

119 378 157 395 loca
167 378 199 395 sub
209 378 237 395 tali
249 378 310 400 forma,
322 378 368 400 quod
381 378 409 400 qui
420 378 527 400 signarentur
539 380 596 395 contra
608 378 697 396 Tartarus

119 403 234 420 remissionem
245 403 316 420 omnium
325 404 431 425 peecatorum
442 407 508 420 suorum
517 403 618 426 reeiperent,
631 405 650 420 et
664 404 698 425 qui

119 428 185 450 propria
197 432 270 449 persona
281 428 304 444 ire
317 432 351 444 uon
362 428 433 449 possent
445 432 477 445 neo
490 427 552 445 vellent
563 427 585 445 de
593 428 644 445 bonis
654 429 696 446 suis

120 452 212 469 seeundum
225 452 270 474 quod
278 452 355 470 dominus
362 452 463 474 inspirasset
472 451 579 475 tribuerent²,
594 452 639 474 quod
652 453 697 470 aliis

120 477 198 494 euntibus
206 478 222 494 et
233 481 267 494 non
275 476 376 494 habentibus
383 476 508 494 distribueretur
515 474 526 494 ³.
539 477 560 494 Et
568 478 593 494 sie
601 477 636 494 iere
643 478 697 495 totus

119 502 192 524 populus
200 503 227 518 est
236 502 317 523 signatus.
333 501 353 518 Et
362 503 466 523 congregata
474 503 500 519 est
509 502 581 524 pecunia
588 502 651 524 ubique
664 502 696 520 lo-

120 530 177 543 corum
191 526 260 543 infinita.
285 526 421 548 Supervenerunt
435 526 491 548 itaque
508 526 567 543 iisdem
583 527 694 548 temporibus

119 551 153 568 alia
164 555 208 568 nova
219 550 265 572 quod
272 550 335 568 Tartari
345 550 366 568 ad
378 551 419 568 elias
430 552 487 573 partes
499 551 617 568 seeessissent.
640 552 695 569 Tunc

119 576 196 598 episcopi
208 577 225 592 et
233 575 295 592 domini
303 576 391 597 pecuniam
402 577 523 597 congregatam
536 576 579 593 inter
590 580 609 593 se
620 576 695 594 divise-

119 602 161 618 runi.
180 600 214 617 Sed
223 600 300 617 dominus
309 600 401 617 Landolius
412 600 503 623 episeopus
513 600 647 618 Wormaoiensis
657 606 694 623 pe-

120 625 185 642 cuniam
194 625 289 642 Wormaeie
298 627 418 647 congregatam
435 627 452 642 et
466 626 483 642 in
498 626 598 648 episoopatu
613 626 693 648 singuiis

119 649 166 667 reddi
175 650 230 667 iussit.

156 674 206 692 Anno
215 675 294 692 m.ee.xl.i.
306 675 323 691 in
336 676 425 692 auotumno
435 674 496 692 offensi
508 676 547 692 sunt
562 674 628 697 quidam
641 675 694 699 cives

120 699 252 716 wormatienses
262 704 272 716 a
281 699 380 721 quibusdam
388 699 410 716 de
419 699 506 717 Osthot‘en.
530 700 588 721 Itaque
600 700 647 717 cives
657 699 693 717 lias

119 724 187 740 iniurias
197 728 301 745 nequaquam
310 725 388 746 poterunt
397 724 467 741 tolerare
479 724 515 741 sine
525 724 603 741 vindicta.
619 724 641 741 Et
650 726 693 741 sta-

119 748 148 765 tim
156 748 173 765 in
182 749 255 765 erastino
264 748 318 765 saneti
327 748 368 765 Galli
378 747 457 771 [oot.17]
467 749 554 766 exiverunt
563 749 615 771 eives,
624 753 645 766 ae
654 749 691 766 do-

119 773 173 790 minus
185 772 294 795 Landolphus
309 773 400 795 episeopus
413 773 540 790 Wormatiensis
553 778 590 790 oum
602 774 636 796 eis⁷
646 773 691 791 Ost-

119 797 170 815 hot'en
179 802 248 819 versus,
261 799 279 814 ut
294 797 355 815 ibidem
367 802 398 815 sua
406 798 503 819 gravamina
515 798 629 815 vendicarent.
649 797 691 818 Quo

119 822 156 840 viso
166 824 199 839 tarn
208 822 267 839 milites
275 826 323 844 quam
330 822 387 839 rustici
394 822 469 840 eiusdem
476 823 515 840 ville
522 823 623 840 cemiterium
632 827 690 846 suurn,

119 846 165 869 quod
177 847 227 864 valde
239 847 282 864 hene
295 847 374 864 munitum
387 849 432 869 erat,
447 847 552 864 intraverunt.
571 846 689 865 Aeeesserunt

119 871 168 889 etiam
178 872 224 888 cives
233 872 310 889 volentes
324 871 394 889 eandem
406 872 514 889 munitionem
526 872 547 889 ab
561 872 586 889 eis
594 872 688 895 inquirere,

120 897 137 913 et
145 900 179 913 non
188 896 267 913 valebant
276 897 394 919 attemptantes
403 896 480 913 omnihus
489 896 548 914 modis.
560 896 595 919 Ipsi
602 896 646 914 enim
653 898 689 914 tam

119 925 149 943 per
157 921 229 938 iacturas
238 925 287 943 qnam
297 925 325 943 per
334 922 405 943 sagittas
415 926 434 938 se
444 921 558 939 defendebant
569 921 631 944 taliter,
641 922 688 943 quod

119 949 149 967 per
158 950 189 962 eos
198 947 269 967 quatuor
277 950 297 963 ex
305 946 368 963 eivihus
378 946 426 963 vitam
436 946 528 964 finiverunt
544 946 584 963 Erat
592 947 648 963 autem
658 951 689 964 oe-

120 970 200 987 miterium
210 970 261 987 fossis
273 972 290 987 et
298 970 429 992 propugnaculis
442 970 486 988 hene
497 971 582 988 munitum.
595 970 646 988 Cives
656 975 688 988 au-

120 996 152 1011 tem
161 994 229 1011 multum
238 995 331 1012 oonturbati
339 996 451 1012 recesserunt
463 995 484 1012 Et
496 997 533 1012 orta
546 997 573 1012 est
581 1000 642 1017 magna
651 995 689 1013 dis-

119 1019 177 1036 sensio
187 1020 229 1036 inter
241 1020 287 1037 eives
296 1021 313 1036 et
321 1020 381 1037 viliam*
395 1019 430 1037 Sed
438 1019 505 1037 tandem
514 1020 607 1042 composita
615 1024 647 1042 per
656 1020 689 1037 do-

137 1055 152 1071 t)
162 1054 229 1067 commisit
241 1054 274 1068 eder
285 1055 306 1068 ein
318 1054 388 1068 abalienes
397 1056 433 1068 wort
441 1054 479 1068 reniti
496 1055 512 1072 2)
521 1055 585 1069 tribueret
596 1055 617 1069 lis.
635 1056 653 1073 3)
662 1055 690 1069 dis-

119 1071 211 1085 tribuerentur
220 1071 239 1085 hs.
