738 1221
230 76 249 87 n
260 76 342 88 sensnum
354 75 442 88 commasi.
587 69 622 87 367

54 111 97 133 cepit
108 111 200 128 sollicitare
213 115 323 133 quoscunque
334 111 389 133 potuit
398 111 446 128 minis
455 115 505 133 prece
515 112 532 128 et
540 111 593 133 pretio
603 113 621 129 ut
630 114 664 128 12³4

55 136 86 153 sibi
96 136 197 153 assisterent
206 137 264 153 contra
273 138 345 158 patrem,
354 137 371 152 et
379 140 413 152 non
421 140 485 158 paucos
494 136 561 153 invenit.

90 159 141 177 Anno
151 164 252 178 mrcaxxxx.
261 160 352 182 Imperator
364 160 385 177 ab
395 159 455 182 Apulia
467 160 573 182 Aquilegiam
582 165 623 183 per-

54 185 105 202 venit.
117 185 159 202 Inde
168 189 205 202 cum
214 185 265 202 multa
276 185 324 202 turba
333 186 350 202 et
361 185 416 202 multis
426 185 510 202 thesauris
518 189 578 202 versus
587 185 623 203 Au-

54 210 111 227 striam
120 210 171 227 intrat
180 210 292 231 Germaniam3
303 210 351 226 filium
362 210 414 226 eciam
422 214 469 226 suum
479 214 536 231 regern
544 210 623 227 rebellem

54 235 128 256 invenit,
141 234 172 251 sed
185 235 296 256 impotentem⁴
313 234 354 251 Nam
363 234 435 251 consilio
444 234 501 251 habito
510 235 531 252 vi.
540 239 580 252 non.
589 235 623 252 iulii

54 258 92 282 [iuli
103 258 123 282 2]
137 259 182 281 apud
195 259 305 276 wormaciam
319 259 335 276 in
349 259 418 280 gratiam
430 259 481 281 patris
491 260 572 282 recipitur.
588 259 623 277 Sed

53 288 86 301 non
96 284 197 306 persolvens
207 288 240 306 que
249 284 353 306 promiserat,
363 288 396 300 nec
404 284 493 306 resignans
503 286 575 301 castrum
584 284 623 301 Dri-

54 309 91 326 vels
105 309 151 330 quod
164 308 221 326 habuit
232 309 250 325 in
259 313 290 325 sna
299 310 393 331 potestate,
403 309 450 326 iussu
459 310 510 331 patris
519 309 623 331 imperatoris

54 335 80 350 est
89 333 167 350 custodie
176 333 285 357 mancipatus.

91 358 155 375 Eodem
168 359 242 380 ternpore
256 362 304 375 soror
315 358 361 379 regis
374 357 435 379 Angue
446 359 505 379 rogatu
517 358 623 380 imperatoris

54 382 75 399 ab
88 383 217 405 archiepiscopo
230 382 328 400 Coloniensi
342 384 359 400 et
370 382 413 400 duee
427 382 516 400 Brabnmio
529 383 550 400 ab
562 382 623 405 Anglia

54 407 152 430 adducitur,
161 408 193 429 ipsi
202 407 296 429 imperatori
305 409 382 429 nuptura.
395 406 431 427 Que
445 407 466 424 ab
475 407 552 424 omnibus
562 408 623 425 civita-

55 432 99 449 tibus
108 434 126 449 et
135 432 210 454 oppidis,
219 436 249 454 per
258 437 291 454 que
305 436 341 449 cam
354 432 425 449 transire
437 432 516 454 contigit,
525 432 623 454 honorifice,

54 457 84 474 sed
94 461 104 474 a
113 456 179 474 civibus
188 457 319 474 Coloniensibus
328 456 390 473 maiore
399 461 428 478 pre
437 456 474 474 aliis
485 456 555 479 tripudio
565 457 623 479 quinta

53 481 183 504 l'eriaproxima
196 483 235 498 ante
247 483 358 503 pentecosten
373 480 413 504 [mai
423 480 456 504 24]
466 481 560 503 suscipitur.
573 481 623 504 Apud

53 510 97 528 quos
103 507 120 523 in
129 506 179 523 domo
185 506 266 528 prepositi
273 506 327 523 sancti
332 506 414 523 Gereonis
421 510 451 528 per
459 510 533 523 inensem
538 506 555 523 in
561 511 622 528 magna

53 531 181 548 honoriticentia
187 531 265 548 continue
271 532 346 548 moratur.
355 530 396 548 lude
400 531 510 552 progrediens
516 530 561 553 apud
569 531 622 548 Wor-

52 556 123 573 maciam
131 556 226 578 imperatori
235 556 336 577 assignatur.
350 555 382 572 Ubi
394 555 489 577 imperiales
499 556 556 577 nuptie
565 555 622 573 debito

52 585 89 597 cum
103 580 168 597 honore
180 580 289 597 celebrantur.
306 580 396 602 Imperator
409 580 469 597 suadet
479 580 591 603 principibus,
600 585 622 597 ne

54 605 164 622 histrionibus
178 605 222 622 dona
235 605 286 622 solito
298 609 344 622 more
353 604 462 627 prodigaliter
470 604 563 627 effundant,
576 605 621 622 iudi-

53 634 94 647 cans
108 630 195 647 maximam
208 629 308 647 dementiam
322 630 337 647 si
350 630 388 651 quis
402 634 433 647 sua
444 629 488 647 bona
497 630 550 647 mimis
559 630 586 647 vel
596 630 622 647 hi-

53 654 144 672 strionibus
154 654 198 671 tatue
207 654 280 676 largitur.

91 679 141 696 Curia
150 679 257 696 celeberrima
266 680 283 696 in
292 680 406 702 assumptione
416 679 464 697 beate
473 679 525 696 Marte
535 678 620 702 [aug.15]

53 704 97 726 apud
104 704 208 725 Magantiam
213 704 294 721 indicitur.
304 704 334 721 Ubi
340 704 374 721 tero
379 704 455 721 omnibus
462 704 565 726 principibus
573 704 621 725 regni

54 729 143 746 Teutonici
152 728 291 745 convenientibus
300 733 333 750 pax
342 729 411 751 iuratur,
423 730 481 746 vetera
489 729 525 745 iura
534 728 622 746 stabiliun—

54 755 87 776 tur,
104 757 149 770 nova
163 755 257 770 statuuntur
269 755 286 770 et
299 753 391 770 Teutonico
407 758 484 771 sermone
498 754 514 770 in
527 753 622 770 membrana

54 779 116 800 scripta
125 778 202 795 omnibus
211 778 324 800 publicantur,
334 782 416 795 excessus
428 778 474 800 regns
483 779 541 795 contra
549 778 621 800 impera-

53 804 106 820 torem
116 803 181 820 ennctis
191 803 290 824 aperiuntur⁴
300 802 340 820 Otto
349 803 370 820 de
379 802 492 825 Luninburch,
501 807 556 824 nepos
565 803 621 824 magni

53 827 101 844 ducis
111 827 194 849 Heinrici,
203 832 258 844 novus
267 827 301 844 dux
310 829 327 844 et
335 828 414 849 princeps
427 827 502 844 efficitur.
516 826 569 847 Quem
578 826 621 844 diem

54 852 121 873 rogavit
129 852 218 874 imperator
227 852 304 869 omnihus
313 852 402 869 annalibus
411 852 490 874 asscribi,
500 856 521 868 eo
531 851 576 873 quod
582 853 621 868 tunc

53 876 145 894 Romanurn
152 877 228 894 auxisset
234 877 318 899 imperium
326 881 387 894 novum
392 877 482 899 principem
489 876 568 898 creando,
577 881 621 893 oon·-

53 906 105 918 sensu
115 902 187 919 omniurn
196 902 287 924 principum
297 901 395 918 accedente,
403 901 440 918 Fuit
447 902 502 918 autem
511 900 548 918 dies
557 900 586 918 illa
594 901 621 918 vi-

54 926 93 948 gn'lia
103 926 186 943 Timothei
196 925 244 949 [aug.
254 926 292 949 21].
306 926 324 943 ln
337 926 364 943 die
373 926 454 943 Timothei
464 926 528 943 scilicet
536 926 552 942 in
562 927 621 943 octava

53 951 174 973 assumptionis
188 949 235 973 [aug.
248 950 280 974 22]
294 951 383 973 imperator
396 950 489 968 diademate
503 950 583 972 imperiali
594 951 621 967 in-

53 976 126 997 signitus
139 976 155 992 in
169 975 242 993 eeclesia
255 976 380 998 Mogantiensi,
390 975 424 992 fere
433 975 509 992 omnibus
518 975 620 997 principibus

54 1000 155 1022 astantibus,
165 1000 221 1017 debito
230 1000 294 1017 honore
303 1000 373 1022 refulsit,
380 1001 418 1022 post
426 1001 513 1017 missarum
522 1000 621 1022 sollempnia

54 1025 127 1042 invitans
137 1025 221 1047 principes
231 1029 289 1042 omnes
299 1026 316 1042 ct
324 1029 389 1042 ornnem
398 1025 493 1042 comitatum
500 1029 557 1042 eorum
566 1024 587 1041 ad
595 1024 621 1041 te-

53 1050 105 1066 stivas
115 1050 184 1072 epulas,
194 1054 226 1071 que
235 1050 252 1066 in
261 1049 299 1067 loco
309 1050 397 1071 campestri
406 1050 472 1071 magnis
481 1049 575 1071 sumptibus
583 1049 620 1066 fue-

54 1075 90 1091 runt
103 1076 196 1097 preparate.
210 1074 247 1091 Non
261 1075 311 1091 multo
323 1075 362 1096 post
374 1074 511 1096 archiepiscopus
524 1074 620 1091 Biseutinus
