738 1221
113 56 148 73 120
294 62 376 74 corr-mus
386 62 404 74 ua
415 62 500 74 111111111οΠ.

72 100 105 114 ηεθ
114 98 175 115 minum
184 97 272 115 Rudolium
280 101 343 120 regom,
354 101 386 114 nee
393 97 449 114 timore
457 101 489 114 neo
501 98 570 114 tremore
579 96 606 113 vel
617 100 682 119 pavore

112 125 212 145 concussus,
218 121 249 139 sed
253 124 331 144 tanquam
335 122 362 139 leo
367 122 459 144 animosus,
465 121 537 139 collecta)
541 122 614 139 exercitu
620 125 682 138 versus

112 149 171 165 terram
180 151 247 164 suorum
255 147 344 164 emulorum
352 147 420 169 arripuit
429 147 464 164 iter.
477 146 498 164 Et
506 147 558 168 prima
567 146 609 163 facie
619 146 683 164 invasit

112 172 188 189 comitem
197 171 218 188 de
225 171 335 193 Helfenstein,
345 171 385 193 quia
394 173 437 189 terra
446 175 476 188 sua
484 171 554 188 vicinior
562 171 577 188 ei
584 170 618 187 suit.
628 170 682 191 Quem

112 201 159 219 mox,
169 201 206 213 cum
217 197 295 214 resistere
309 198 354 213 taute
367 196 442 219 potentia
452 200 487 213 non
495 196 567 218 valeret,
577 200 608 213 suo
620 195 682 213 subiu-

113 222 159 243 gavit
168 221 242 243 imperio.
259 221 280 238 Et
289 226 319 243 per
332 221 378 238 illum
389 221 466 238 comitem
477 222 493 238 et
505 221 606 238 munitiones
615 221 653 237 eius
666 222 684 238 et

113 246 196 263 civitatem
205 246 269 268 imperii
274 246 376 267 Ezzelingen
385 250 478 267 aggressus
488 247 514 263 est
521 246 598 263 comitem
605 245 627 262 de
634 245 683 262 Wir-

113 271 188 292 1011111113Δ
202 270 253 288 Cuius
265 271 329 288 comitis
340 272 395 287 eastra
404 271 504 288 munitiones
515 272 532 287 et
542 270 591 287 villas
602 269 683 289 incendio

113 296 186 313 vastavit
195 297 212 312 et
220 299 240 312 ea
248 296 264 312 in
275 294 347 312 cinerem
354 295 427 318 redegit,
437 297 454 312 et
464 295 541 312 homines
550 296 592 312 terre
601 299 632 312 sue
643 294 683 311 sus-

112 320 188 342 sragante
203 320 269 337 fortuna
282 320 353 337 diversis
368 320 503 342 persecutionum
518 320 581 337 malleis
595 320 683 342 persequi,

112 345 191 366 exigente
206 349 263 362 eorum
275 349 360 367 excessu,
373 349 408 362 non
419 344 516 362 formidans.
535 345 556 362 Et
567 349 603 361 eum
616 344 684 361 videret

113 369 157 391 quod
167 369 198 386 sibi
207 374 240 386 11011
251 371 311 392 posset
321 369 409 392 resistere,
418 370 485 391 rogavit
492 369 558 387 nobiles
567 371 584 386 et
591 369 683 391 principes,

112 395 131 411 ut
140 399 169 417 pro
178 399 198 411 eo
208 394 330 411 intercederent
341 394 385 417 apud
397 398 454 416 regem
466 394 487 411 ad
498 395 566 416 gratiam
577 398 623 411 suam
634 393 683 411 ohti-

113 419 189 436 nendam.
202 419 271 436 Demum
282 421 321 441 post
331 419 392 436 multas
404 419 484 437 nobilium
496 418 582 436 Alemanie
594 419 615 436 ad
626 419 683 441 ipsum

112 448 170 466 regern
180 448 210 466 pro
219 444 257 466 ipso
266 445 325 461 comite
337 443 383 461 tusas
395 448 463 466 proces,
475 443 572 461 reducendo
582 444 597 461 ei
609 443 631 461 ad
643 448 683 460 me-

113 469 186 491 moriam,
195 468 266 490 qualiter
271 468 303 485 sibi
308 470 354 485 esset
362 469 429 486 vinculo
438 469 590 490 consanguinitatis
597 468 684 490 astriotus,

113 495 131 510 et
140 493 185 515 quod
192 493 246 510 adhuc
254 495 300 510 esset
307 494 370 510 teneris
378 493 409 510 sub
417 494 471 516 annis,
481 495 498 510 et
506 493 551 515 quod
559 493 639 515 premissa
647 497 683 510 11011

114 517 171 535 reverit
181 519 226 535 1110111
238 518 304 540 proprio
317 518 347 535 sed
358 518 444 540 inductus,
456 518 519 540 recepit
530 522 567 535 eum
579 518 600 535 ad
611 518 684 539 gratiam

115 547 167 560 suam.
181 542 220 559 Sine
231 547 278 560 mora
288 544 343 560 autem
353 543 445 565 assumpsit
457 543 489 560 sibi
500 542 585 565 111-01110105
597 542 641 559 duos
650 547 684 559 eo—

115 568 172 589 mites,
182 571 225 589 quos
236 572 268 584 suo
279 567 310 584 sub
320 567 393 585 dominio
403 567 483 590 compulit
491 572 540 590 esse,
550 569 567 584 et
575 568 637 584 invasit
648 569 684 584 tres

115 592 185 609 comites
199 591 257 609 fratres
270 592 291 609 de
305 592 413 615 Montel'orti,
426 593 471 609 vIros
486 594 565 614 potentes
578 593 596 609 et
609 592 683 614 nubiles,

114 617 197 639 pollentes
206 617 261 634 multis
271 617 340 640 divitiis,
349 617 484 635 animadvertens
494 618 510 634 in
520 621 556 639 eos,
565 619 582 634 e(
590 619 640 634 totam
649 618 685 634 ter-

114 646 148 658 ram
161 646 217 658 earum
231 642 248 659 in
262 642 334 659 cinerem
347 642 416 664 redegit.
433 642 465 662 Qui
477 646 511 659 una
525 646 567 659 voce
582 643 621 664 post
633 641 685 658 multa

115 666 187 688 dampna
200 666 225 683 eis
239 666 285 684 illata
298 667 367 688 gratiam
382 667 487 689 postulantes
501 668 518 684 et
527 666 617 684 dominium
630 666 685 688 ipsius

115 691 177 708 domini
188 690 253 708 Rudolii
266 691 352 708 subierunt
366 696 423 708 suave.
436 692 457 709 Et
468 691 493 708 sie
505 696 534 713 per
546 696 623 713 magnam
635 695 685 708 suam

115 716 225 744 sagacitatem
234 720 271 733 cum
281 716 330 733 victis
339 716 389 733 evicit
397 716 508 738 evincendos,
521 717 538 733 et
548 716 642 733 inciderunt
652 716 683 732 iu-

115 740 223 757 differenter
219 745 236 757 111
245 740 320 763 foveam,
331 745 380 762 quam
392 740 469 758 foderunt
477 745 536 758 manus
547 745 609 758 eorum
622 740 685 757 Verum

116 769 152 781 oum
160 764 219 786 reliqui
229 765 307 787 comites,
317 765 345 787 qui
357 770 390 782 una
399 770 435 783 eum
447 766 479 782 iam
491 766 550 782 evictis
561 766 684 788 conspirarunt,

115 789 198 806 vidissent
206 791 223 806 et
234 794 264 812 pro
276 791 322 811 parte
332 790 442 807 sentivissent
450 795 499 812 quam
512 792 560 807 caute
569 790 647 807 dominus
655 794 686 807 rex

116 818 156 831 suos
165 815 255 836 complices
264 819 295 832 suo
304 814 334 832 sub
343 815 384 836 iugo
394 816 483 837 tenuisset,
493 817 510 832 et
518 820 555 832 011111
566 815 591 832 eis
600 816 632 832 iam
642 814 685 832 suh-

115 839 178 860 iugatis
188 843 222 856 111111
233 839 269 856 sine
281 844 342 861 magno
353 844 410 857 eorum
422 840 503 857 seandalo
517 840 611 857 intenderet
625 839 685 856 subiu-

115 863 182 885 gandos
191 864 291 886 subiugare,
305 864 384 881 timebant
395 865 426 881 sibi
436 865 494 882 timore
504 869 574 887 magno,
584 866 601 881 et
608 869 685 886 rogave-

116 890 153 905 runt
165 890 182 905 et
195 889 250 910 rogari
262 889 345 911 fecerunt,
358 891 376 906 ut
390 890 476 907 excusatio
491 893 548 906 eorum
563 890 580 906 in
592 891 686 911 conspectu

116 913 163 934 regie
174 914 265 930 maiestatis
277 913 374 935 dignaretur
384 913 452 931 admitti.
472 913 504 934 Qui
516 918 553 931 oum
564 914 652 931 venissent
663 913 685 931 ad

117 937 214 959 adspectum
227 938 285 955 iudicis
298 938 391 959 metuendi,
404 943 440 956 cum
450 939 542 956 iuramento
550 940 657 960 negaverunt
666 943 686 955 so

117 967 154 979 oum
164 962 201 979 aliis
208 964 266 980 eontra
272 963 362 985 predictum
372 967 429 985 regem
438 964 550 985 conspirasse.
559 963 594 980 Rex
601 968 641 980 vero
646 964 687 980 tan-

117 991 166 1009 quam
178 986 255 1004 dominus
269 989 326 1010 pam,
339 992 369 1005 eos
379 988 400 1005 ad
412 988 536 1005 excusationem
546 992 603 1005 eorum
612 988 686 1010 admisit,

117 1013 135 1029 et
143 1011 187 1029 tuoto
197 1011 253 1029 tedere
263 1013 305 1030 inter
314 1017 344 1029 eos
354 1014 371 1030 et
383 1012 467 1030 dominum
479 1012 576 1035 Rudollum,
590 1013 688 1030 iuraverunt

118 1036 172 1054 eidem
186 1036 253 1054 domino
266 1036 337 1054 Rudolsn
350 1039 367 1054 et
380 1037 448 1060 imperio
463 1038 481 1055 111
493 1039 590 1060 perpetuum
604 1038 688 1055 assistere

118 1063 176 1079 contra
189 1066 303 1084 quoscunque
317 1062 338 1079 Et
349 1063 374 1080 sio
382 1062 426 1080 tacta
435 1064 462 1080 est
470 1067 503 1085 pax
512 1063 529 1080 111
538 1064 573 1080 tota
582 1064 625 1080 terra
635 1062 689 1080 Swo-
