738 1221
209 72 291 84 canonicor«
302 72 406 84 eut-narnus.
569 67 591 83 77

40 107 93 124 sculteti
99 112 108 124 a
117 111 186 129 corpore
195 111 229 124 non
237 111 320 129 separare.
335 107 371 124 Rex
379 107 467 124 scultetum
478 107 539 125 vilibus
550 113 590 130 per-
600 111 633 124 129³

40 132 77 149 souis
86 132 176 154 committit,
184 132 231 149 iubet
240 133 258 149 ut
268 133 303 149 rote
313 132 407 154 imponatur
417 133 434 149 et
444 133 507 154 pertice
514 133 592 155 imposita

40 157 52 173 in
60 157 112 173 eastris
120 158 137 173 et
146 157 240 174 civitatibus
251 157 332 178 erigatur,
342 161 362 173 ac
371 157 396 174 sic
405 156 536 174 circumducatur
544 159 562 174 ut
571 158 592 175 ab

40 181 74 198 omni
84 181 144 203 populo
157 181 241 203 videatur;
253 183 292 203 post
303 185 390 203 vesperem
400 181 494 204 deponatur
506 184 523 199 et
533 184 592 199 custo-

39 205 82 223 diatur
88 206 103 223 in
112 207 166 228 cippo.
177 206 273 228 Martyrium
281 207 317 223 rote
325 207 398 228 requiem
405 206 497 228 reputabat.
507 207 592 224 Custodes

38 235 67 247 eiun
77 231 128 248 maltis
142 231 247 248 contumeliis
260 231 360 252 allevier-mm
376 235 397 248 ex
410 235 466 248 eorum
481 231 540 254 cyphis
555 236 592 249 eum

38 255 83 272 bibere
90 256 183 273 uoluerunt„
196 255 231 273 Rex
242 255 298 277 bigam
311 256 362 277 misit,
374 257 392 272 ut
401 256 488 273 scultetum
498 256 519 273 ad
532 261 551 273 se
561 256 592 274 de-

38 279 109 297 dutereut.
123 280 226 297 Vestimenta
235 280 302 297 sculteti
311 282 328 297 et
336 282 388 297 rotam
397 280 436 302 bige
445 281 564 303 imposuerunt,
576 283 593 298 et

38 309 66 321 eum
73 305 92 322 ad
102 305 158 327 bigam
169 305 236 327 ligatum
248 309 314 322 currere
321 307 360 327 post
371 309 407 322 eam
414 307 511 327 coegerunt.
524 305 592 323 Mauum

38 329 65 346 eius
70 330 85 346 iu
92 330 158 347 modurn
167 330 254 347 iurantium
261 329 282 346 ad
291 330 363 352 stipitem
370 330 472 352 ligaverunt,
480 332 498 347 ut
505 330 592 352 signitica-

38 356 66 370 rent
73 358 107 371 eum
117 355 176 377 sepius
185 355 276 376 peierasse.
290 355 338 372 Pater
349 354 398 371 huius
406 354 461 372 dictus
471 356 497 372 est
504 355 592 372 Johanues

38 378 130 401 nasseiman,
149 379 202 396 eciam
220 379 302 396 scultetus
316 379 466 401 Columbariensis3
481 384 523 396 avus
537 381 591 397 uutem

38 403 81 420 dictus
91 406 116 421 est
125 404 222 421 Waltherus
230 404 337 426 Russelman,
347 404 368 421 de
378 404 439 426 quibus
449 409 504 426 supra.

65 428 96 445 Rex
105 433 142 446 cum
155 429 228 446 exercitu
242 429 263 446 ad
275 428 334 446 Gemer
348 429 462 451 proficiscunr.
478 429 559 446 Dominus
570 429 591 447 de

37 452 127 475 Rapoltstein
136 455 153 471 et
162 454 189 471 alii
197 454 241 476 capti
248 458 281 470 una
289 453 380 476 ducuntur,
389 453 467 470 iudicium
479 455 590 476 exspectatur,

38 478 101 499 precibus
113 478 218 495 dominorum
228 478 306 495 iudicium
318 478 396 495 differtur.
410 478 443 495 Res
453 478 515 495 domini
526 478 547 495 de
558 478 591 496 Ra-

37 502 102 523 poltsteiu
109 504 166 520 intres
171 505 227 525 partes
236 503 336 525 dividuntur,
345 507 413 525 quarum
422 507 455 520 una
463 503 531 520 domino
538 503 591 520 Hein-

37 527 70 549 rice‚
78 528 128 545 altera
140 528 175 545 filio
187 528 251 550 fratris,
263 528 330 545 terciam
342 528 379 550 ipse
392 528 408 545 in
418 532 465 545 suam
475 528 548 545 traheret
556 533 590 551 pe-

37 552 104 569 testatem.
117 552 144 569 Ob
154 552 171 569 id
179 552 250 569 heredes
259 557 308 570 omne
317 553 343 569 ius
352 553 369 569 iu
379 552 448 569 Gemere
457 554 474 570 et
482 552 590 570 hereditatem

36 576 48 593 ia
56 577 112 598 regiam
120 579 222 600 potestatem
230 577 337 594 tradiderunt.
350 577 394 594 Infra
402 579 477 594 octavam
485 578 539 594 sancti
544 577 590 595 Mar-

36 601 57 617 fini
67 600 109 624 [novi
120 601 152 625 18]
162 601 239 619 dominus
251 602 272 619 de
283 601 387 624 Rapoltstein
397 603 413 619 in
424 606 467 624 equo
479 603 566 619 catenatus
574 604 591 619 et

35 626 90 647 triginta
99 627 126 644 vel
137 627 208 649 amplius
222 627 267 644 servi
278 627 344 644 duobus
359 627 433 644 curribus
447 627 493 648 ligati
504 627 590 644 duceban-

35 651 57 667 tur.
69 651 106 668 Cum
113 651 191 669 dominus
200 651 222 668 de
227 651 330 674 Rapoltsteiu
338 651 458 669 Columbariam
465 653 542 669 transiret
550 652 590 669 fletu

34 676 47 691 et
56 676 112 693 eiulatu
126 676 182 694 cordis
196 676 271 693 dolerem
283 678 300 693 et
313 676 437 693 amaritudinem
450 676 539 693 indicabat.
552 676 590 693 Du-

34 702 82 717 cuntur
87 701 178 723 Brisacum,
186 701 224 718 hinc
234 701 250 718 iu
258 703 330 718 castrum
338 701 399 718 Suevie
405 699 489 718 ΛοΙιῑιΙιἮ.1

62 725 91 742 Hic
105 727 175 743 matrem
188 726 244 743 habuit
259 726 308 743 tiliam
320 726 386 743 comitis
399 725 420 743 de
433 725 516 748 Froburs,
527 728 589 748 patrem

34 752 111 770 cognatum
124 750 188 767 domini
199 750 220 767 de
227 750 353 772 Blankenberg,
363 751 414 767 virum
429 750 513 772 pulchrum
526 751 589 772 largum

34 774 77 791 mitem
89 775 181 797 benignum
193 775 236 792 omni
248 775 298 792 laude
310 775 386 797 diguum;
400 775 426 792 hic
437 775 503 792 iuvenis
517 776 589 792 moritur.

34 797 77 816 Mater
86 799 115 817 fuit
123 800 176 821 longa
184 804 264 822 corpore,
271 799 314 817 facie
323 800 399 822 pulchra,
408 800 453 817 criuc
460 800 540 822 candido,
547 804 589 817 voce

33 822 74 846 dalei,
87 824 162 847 amabili,
171 824 237 842 decora.
250 824 286 842 Hec
294 829 331 842 curn
341 825 389 842 bonis
397 825 432 841 suis
444 829 462 841 se
469 825 490 842 ad
499 825 589 842 claustrum

32 846 103 866 Minorum
117 854 171 872 prope
185 849 290 866 Schal‘husen
304 850 395 872 transtulit,
411 850 460 866 vitum
476 849 536 866 ibidem
552 854 589 866 cum

32 874 84 890 sanctis
92 874 187 896 virginibus
196 875 321 891 consummavit.
334 874 391 891 Filiam
400 874 457 891 hahuit
465 875 535 896 unicam,
546 874 589 891 mins

32 897 93 920 stumque
103 899 198 920 elegantes.
212 899 275 915 Primus
284 899 357 916 dominio
369 899 411 915 male
423 898 491 921 prefuit,
504 898 588 916 secundus

32 925 62 939 vero
72 924 125 946 peior,
137 924 200 940 tercias
210 924 241 940 iste
252 922 353 941 Anshelmus
363 923 464 946 presidebat.

60 947 134 965 Habebat
145 948 237 970 plerunque
249 948 316 970 triginta
328 948 431 970 balistarius,
445 948 521 965 homines
531 950 588 970 tyran-

33 974 62 993 noS,
72 973 131 994 quihus
139 973 204 990 vicinos
214 977 255 990 suos
264 973 337 994 graviter
345 973 417 990 ledebat.
430 972 499 995 Recepit
507 973 550 989 enirn
556 973 589 990 ho-

33 995 74 1013 mines
81 1001 119 1014 aere
129 999 209 1019 gravatos
217 998 281 1020 alieno,
291 999 306 1015 et
317 998 333 1014 in
344 998 405 1014 malitia
415 997 517 1020 obstinatos,
530 997 588 1014 dicens

34 1021 68 1040 4111οᾱ
76 1026 134 1039 servus
142 1023 206 1039 hahens
214 1023 284 1039 animam
296 1027 400 1044 nequaquam
411 1022 442 1039 sihi
451 1023 513 1039 servire
525 1024 588 1045 posset.

34 1043 53 1061 Ob
60 1046 74 1062 id
81 1046 122 1064 deus
132 1047 201 1064 abstulit
211 1047 227 1064 ei
240 1051 301 1069 corpus
310 1051 337 1064 res
346 1047 415 1069 gloriam
425 1049 442 1064 et
450 1047 534 1064 honorem.
546 1047 588 1064 Tre-

48 1072 59 1088 ι)
66 1073 114 1088 achela
123 1074 175 1091 druck,
184 1074 251 1088 Ananiam
260 1074 280 1087 iu.
