738 1221
124 64 159 81 208
311 71 374 82 ΛιειιΛιιε
387 70 503 82 wenni-unsa

83 107 115 121 12³8
123 105 226 123 Misnensem
243 106 259 122 in
273 106 370 127 asperrimis
386 105 475 127 frigoribus
488 105 576 126 debellarit
587 105 692 127 imperioque

122 130 212 152 subegerit.
229 130 250 147 Et
262 130 300 147 dum
313 130 386 152 quodam
401 134 446 147 anno
458 130 475 146 in
489 130 567 147 auxilium
580 130 615 152 regi
629 129 691 152 Anglie
709 138 711 140 v

122 155 205 172 veniendo
213 157 273 177 *contra
281 159 338 176 regern
342 154 410 172 Francie
418 154 542 176 expeditionem
550 155 655 177 instauraret,
664 160 693 172 ar-

122 180 240 202 chiepiscopus
249 179 359 201 Moguntinus
369 179 464 196 Gerhardus
473 179 495 196 de
503 179 612 202 Eppenstein,
622 180 692 201 episeo-

123 209 180 227 porum
190 205 301 226 comitumque
312 209 354 221 usus
364 204 444 226 consiliis,
454 204 476 221 ob
485 204 524 221 dicti
533 204 578 225 regis
588 204 692 221 humiliatio-

122 234 159 247 nem
174 229 231 246 fraude
244 229 309 247 occulta
322 229 413 251 laboravit,
426 233 459 246 non
469 230 559 250 quiescens
571 228 626 246 donec
635 233 692 246 vene·

122 259 161 272 num
175 256 230 271 mente
243 255 342 276 conceptum
351 253 440 271 crudeliter
448 255 546 276 exspueret,
556 258 635 271 asserens
645 254 693 276 quod

122 281 161 296 ante
174 279 274 296 electionem
286 279 331 300 regis
344 278 400 295 Adolii
412 278 546 300 pollinitaciones
556 278 577 295 de
587 278 692 296 conserendo

123 308 175 326 regno
185 303 228 321 facte
237 305 296 321 essent
302 303 371 321 Alherto
380 303 418 321 duci
426 303 499 325 Austrie,
508 303 541 320 filio
551 304 596 325 regis
605 303 692 325 quondam

122 328 193 351 Rutiolliy
203 329 234 346 suh
247 329 296 346 certis
306 328 420 346 instrumentis
432 332 463 350 per
475 328 547 345 idoneos
558 328 630 345 barones
639 329 694 346 inter-

122 354 194 370 nuncios
207 353 238 370 sibi
250 354 308 370 missit
320 353 345 370 lta
353 353 418 370 induxit
427 353 518 375 episcopus
527 352 617 375 Albanum,
626 355 643 370 et
652 358 693 375 per-

123 379 177 395 suasit
188 380 206 395 ut
219 378 290 395 collecto
303 378 377 395 exercitu
390 377 411 395 ad
424 379 480 400 partes
492 377 545 395 Rheni
558 378 622 395 veniret
630 377 653 394 ad
663 383 694 395 ca-

123 403 202 426 piendum
216 403 300 425 imperium
313 403 334 420 ad
350 402 396 425 quod
409 404 459 419 antea
471 402 524 419 suerat
537 402 642 424 designatus.
659 402 693 423 Qui

123 428 151 445 vix
160 427 235 445 confisus
243 428 298 445 verbis
309 427 440 450 archiepiscopi,
451 427 479 449 qui
490 427 544 449 ipsum
552 427 605 450 primo
619 427 694 445 electum

123 452 251 470 defraudaverat
257 452 335 471 Adolsum
344 452 449 475 preferendo.
457 452 520 469 Tamen
526 452 621 474 conscripto
629 456 695 474 magno

123 478 197 495 exercitu
200 490 206 500 ,
214 479 231 494 et
239 477 314 494 collectis
321 477 342 494 de
352 477 425 499 Ungaria
435 478 452 494 et
459 477 539 494 Bohemia
546 477 637 498 sagittariis
646 478 694 499 opti-

123 503 154 519 mis
163 502 194 519 sed
203 502 298 524 inermibus,
307 502 389 524 impulsus
399 502 516 524 episcoporum
526 503 543 519 et
554 501 632 519 comitum
641 502 693 519 huius

123 529 166 544 terre
176 527 251 544 consiliis
259 528 276 544 et
283 526 355 549 auxiliis,
362 527 431 544 transito
438 525 496 543 Rheno
505 527 552 544 iuxta
560 526 693 548 Argentoratum

123 551 220 574 descendit,
232 551 287 573 figens
299 552 371 569 tentoria
380 556 411 568 sua
420 551 465 568 iuxta
474 551 561 568 castellnm
569 550 632 568 Alzeia.
652 551 693 569 Ad-

122 577 227 598 veniensque
234 576 369 599 archiepiscopus
378 580 414 593 cum
422 576 486 593 civibus
493 576 653 598 Moguntinensibus
661 576 694 594 de'-

122 602 231 619 vastaverunt
239 601 282 618 idem
292 601 380 623 oppidum,
389 601 474 623 elegitque
483 600 514 623 ibi,
526 601 564 618 aliis
573 601 694 618 contradicen-

123 626 167 644 tibus
177 628 194 643 et
202 626 300 643 absentibus
310 626 424 648 electoribus,
437 625 498 643 dictum
506 625 592 643 Alhertum
601 625 662 643 ducem
676 627 694 643 in

123 656 180 673 regem
189 651 234 673 apud
242 651 297 668 villam
311 649 426 668 sohaffiuseu¹
435 651 557 672 pertractantes
566 651 637 668 invicem
647 651 694 673 quo-

122 676 172 694 modo
185 677 315 693 amantissimum
332 680 389 697 regem
402 674 480 692 Adolfum
492 675 582 697 perderent
594 675 695 693 occiderent

123 701 150 718 vel
162 701 251 723 privarent.
264 700 300 717 Hiis
313 701 336 717 ita
348 700 408 717 habitis
420 705 449 717 rex
458 699 529 717 Adolfus
539 700 610 717 collecta
620 701 694 723 copiosa

123 730 182 747 manu,
191 725 255 742 habens
265 729 322 742 secum
330 725 374 742 inter
382 725 425 742 alios
434 725 487 742 duces
496 726 513 742 et
520 725 592 742 barones
597 725 693 742 Palatinum

123 750 199 767 comitem
208 749 296 767 liudolfum
305 749 364 767 ducem
373 750 452 772 Bavarie,
462 754 510 767 suum
519 750 605 767 filiastrum
614 751 631 767 et
640 750 694 767 fllium

123 775 186 792 sororis
195 774 234 792 dieti
243 774 290 791 ducis
299 773 365 792 Austrie
374 774 446 797 Alberti,
455 775 541 792 insecutus
550 779 587 792 eum
596 774 694 797 papiliones

123 800 140 816 in
149 801 197 822 prato
206 799 320 822 Heppenheim
329 799 422 816 collocavit„
435 799 465 816 Cui
474 800 491 816 in
500 799 578 816 auxilium
587 799 633 817 cives
639 799 694 817 Wor-

124 825 216 842 macienses
230 824 348 842 honorabiliter
360 826 471 842 occurrerunt.
489 824 523 841 Sed
533 824 571 841 dum
581 828 610 841 rex
619 828 639 841 se
649 829 695 846 pro—

118 850 199 871 'cingeret
209 851 266 866 contra
275 849 333 866 hostes
342 849 393 866 iturus
403 849 447 866 bona
457 849 522 866 fortuna
531 849 619 866 redierunt.

161 874 242 896 Sequenti
254 874 282 891 die
294 874 332 891 dum
344 873 378 891 dux
390 873 469 891 Albertus
478 874 563 896 paulisper
571 878 581 891 a
590 874 628 891 loco
637 873 694 891 deeli-

124 901 180 922 naret,
196 899 274 921 opinatus
286 903 316 916 rex
329 898 410 920 aufugere
422 903 460 916 enm
473 899 525 921 velle,
538 898 588 916 celeri
601 903 663 920 gressu
676 899 694 916 in

124 924 189 941 hostem
203 924 325 946 debacchatur,
337 924 459 941 transverberat
471 925 488 941 et
501 923 563 941 occidit
574 923 618 941 illum
632 921 661 945 qui
676 924 694 940 iu
721 930 723 932 ·

124 953 205 965 armorum
217 949 315 965 similamine
328 949 401 970 oppositi
409 948 457 966 ducis
467 949 570 966 occurrebat.
583 948 625 965 Dum
634 948 695 970 itaque

124 978 154 990 rex
166 972 237 990 Adolsus
249 973 265 990 in
278 977 309 995 spe
320 973 389 990 viriliter
396 977 451 995 usque
460 973 482 990 ad
490 973 606 991 lassitudinem
615 973 694 995 corporis

124 998 225 1020 debellaret7
239 998 272 1015 dux
282 998 355 1015 Bavarie
364 1002 405 1015 suus
414 998 483 1015 filiaster
491 1000 539 1020 terga
547 998 596 1015 vertit
607 998 625 1015 in
634 997 694 1019 fugam

125 1023 161 1040 sine
175 1023 219 1039 omni
228 1023 305 1044 vulnerey
314 1023 350 1039 suis
359 1022 436 1040 omnibus
445 1027 482 1040 eum
492 1022 600 1045 sequentibus
609 1024 626 1039 et
634 1022 694 1044 sugam

124 1047 252 1070 incutientibns,
269 1048 311 1064 sicut
327 1052 363 1064 curn
380 1047 463 1064 avunculo
480 1047 555 1070 predicto
567 1047 610 1064 duce
622 1047 694 1064 Alhcrto

143 1076 158 1092 i)
167 1075 197 1089 eine
206 1074 246 1088 halba
255 1074 304 1088 stnruie
313 1074 361 1089 ὖθΙΙίιΙι
371 1078 398 1088 von
407 1074 451 1088 Atrei.
