738 1221
96 213 129 227 109ss

95 232 129 261 ¹1¹oe

136 62 170 79 ¹52
340 68 405 80 nunus
416 68 498 80 urrunnu.

135 103 220 126 Philippus
230 108 263 121 rex.
277 103 307 121 Cui
316 102 356 120 Otto
365 103 453 125 imperator
462 102 513 120 Saxo.
527 102 557 120 Cui
568 101 663 119 Fridericus
671 107 699 119 au-

135 130 196 150 gustus
205 128 249 145 tilius
258 127 331 145 Heinrici
340 128 450 150 imperatoris.

175 207 262 225 ,Iohannes
274 208 365 230 episcopus
378 207 421 225 filius
435 207 522 225 Woli'rami
535 207 599 224 comitis
608 206 699 228 Arduennc,

138 233 165 254 qui
182 232 242 250 multos
256 233 344 250 comitatus
359 232 440 255 hahebat,
454 233 518 249 scilicet
530 232 547 249 in
560 232 674 254 Creychouwe
686 233 701 248 et

137 257 235 274 Enzeherch
244 258 262 274 et
270 257 330 274 multas
339 257 465 280 possessiones,
474 257 502 279 qui
511 257 570 279 genuit
576 261 614 274 eum
621 255 700 278 deAzela,

136 286 195 299 sorore
204 282 277 299 Heinrici
286 282 363 299 senioris.
377 281 427 299 Cuius
440 282 515 304 episcopi
527 281 610 299 Johannis
620 281 700 303 Spirensis

135 307 187 324 frater
196 306 225 323 luit
234 306 317 324 Ceizollus
326 311 392 329 eomes,
406 309 422 324 el
431 306 524 324 Adilheidis
537 306 623 324 comitissa
632 306 662 323 fuit
670 306 699 322 lilia

136 331 190 348 fratris
200 332 234 354 sui,
248 336 281 353 que
293 331 350 348 habuit
362 331 457 348 Heinricum
470 331 561 348 Palatinum
573 331 594 348 do
603 331 699 352 Tuwingen,

136 361 168 378 que
178 356 264 373 comitissa
273 356 319 378 prole
329 357 386 373 caruit.
400 356 425 373 De
434 360 497 378 genere
506 356 571 373 illorum
580 355 700 372 venitKesten-

136 381 176 398 burc
186 382 203 398 et
212 381 314 403 Meystersel
323 382 340 398 et
348 381 473 398 Diethenstieirn
483 380 555 398 ecclesie
565 380 645 402 Spirensi.
659 384 661 387 ¹

173 405 262 423 Heinricus
275 406 332 423 senior
344 406 413 423 contulit
427 405 460 423 tilio
473 406 535 423 sororis
548 409 578 422 sue
588 405 699 427 episcopatum

136 430 232 453 Spirensem
242 430 280 447 dum
289 434 330 452 puer
339 432 390 447 esset.
404 430 491 447 Johannes
501 430 591 452 episcopus
597 429 700 447 Sunnisheim

136 454 264 472 archidiaconus
273 457 309 472 erat
317 457 333 472 et
338 455 425 477 spectabat
434 454 455 472 ad
463 454 578 472 Wonnaciam.
588 454 607 471 Et
617 454 700 471 Johannes

136 480 228 502 episcopus
238 479 315 496 cambivit
324 484 361 497 cum
370 480 451 502 episcopo
460 479 583 497 Wormaeiensi
592 481 608 496 et
617 478 664 496 dedit
673 478 700 495 sibi

136 504 179 521 duas
188 504 284 526 parrochias
293 504 397 521 Bathinheim
406 506 423 521 et
429 504 536 521 Neberouwe
543 508 574 526 pro
581 504 655 521 ecclesia
661 503 701 520 Sun-

136 528 217 546 nesheim.
231 529 337 546 sunnisheirn
351 529 423 546 ecclesia
436 529 504 546 fundata
517 530 552 546 erat
565 533 575 545 a
583 529 652 550 proavis
665 528 700 545 dicti

136 553 219 571 johannis
236 554 312 576 episcopi
326 555 342 571 et
354 553 435 576 disposita
447 555 482 571 erat
498 558 528 575 per
541 554 638 570 canonicus.
657 553 700 573 Quos

137 578 220 595 transtulit
229 578 268 595 inde
277 578 341 601 Spiram
351 578 372 595 ad
382 580 457 595 sanctum
465 578 563 595 Germanum
573 580 590 595 et
598 577 667 595 secitihi
674 582 700 594 ar-

136 603 274 620 chidiaconatum
288 603 308 620 Et
317 603 400 621 transtulit
409 601 511 621 monachos¹
520 603 541 620 dc
554 604 613 620 sancto
622 602 700 620 Germano

137 628 248 645 Sunnesheim
261 632 304 650 quos
317 628 424 650 Dagobertus
437 633 466 645 rex
478 628 511 645 illic
519 628 612 648 locaverat,
625 629 643 644 et
651 628 700 644 intro-

137 652 184 670 duxit
194 653 246 670 eciam
256 657 292 670 cum
302 653 327 670 eis
336 652 454 674 Sybergenses
463 653 565 675 monachos,
575 654 591 669 et
600 652 650 669 valde
659 652 700 669 dita-

136 678 160 694 vit
169 682 211 694 eam⁴
224 677 298 694 Contulit
311 677 387 699 Spirensi
401 678 472 695 ecclesie
486 677 564 694 allodium
577 682 625 694 suum
635 677 700 694 Stheiu-

137 702 192 724 wilre,
209 703 226 719 et
238 704 343 724 patronatum
359 702 420 719 ibidem
436 703 537 719 monasterio
553 702 607 719 sancti
620 701 700 724 Lamperti

137 726 182 749 quod
192 727 295 744 restauravit.
308 727 364 744 Preter
373 727 403 744 hec
412 727 463 744 multa
472 727 542 744 eontulit
551 726 622 744 ecclesie
630 726 700 749 Spirensi

138 755 196 768 omnes
206 750 275 768 sasallos
284 756 325 768 suos
334 751 400 774 milites,
410 752 479 769 contulit
488 752 503 768 ei
512 752 613 768 rusticanam
622 751 700 772 familiam,

138 775 208 793 contulit
220 776 331 793 Sunncshcim
345 781 375 798 pru
388 776 477 793 dilectione
490 777 543 798 ipsius
555 776 641 793 comitisse
651 775 700 793 Adel-

138 800 205 823 heyffis,
219 800 288 818 contulit
300 801 385 818 comiciam
397 805 444 818 suani
453 801 469 818 in
478 800 584 823 Enzeberffl,
594 800 700 818 Sunnesheim

138 827 155 842 et
164 825 214 843 multa
226 825 288 847 pre'dla.
301 825 351 843 Dedit
364 826 416 843 eciam
426 825 498 843 ecclesie
508 825 582 848 Spirensi
592 825 652 842 multas
661 829 700 847 pos-

138 850 231 867 sessiones.
251 850 348 867 Construxit
356 851 409 867 eciam
418 850 503 867 abbaciam
512 851 529 867 in
539 849 618 867 Blalvurra
627 850 644 867 in
654 849 700 867 swe-

138 875 170 892 via.
186 875 273 892 Johanncs
285 875 375 897 episcopus
388 875 483 897 prebendas
496 875 542 892 auxit
555 874 602 897 Spire
612 876 674 892 etcum
682 878 700 891 eo

139 901 156 917 et
168 904 198 922 per
211 904 248 917 eum
262 899 281 916 Η,
294 900 350 917 senior
363 900 448 922 ampliavit
461 900 516 917 dotem
529 899 601 917 ecclesie
615 899 700 922 Spirensis.

139 924 228 946 Postquam
238 924 310 941 sedecim
320 925 368 942 annis
378 925 420 942 rexit
429 924 516 941 eeclesiam
526 924 621 947 Spirensem
630 926 701 941 mortuus

139 949 190 966 estin
200 949 287 972 scismate,
299 949 345 971 quod
354 951 389 966 erat
399 949 442 966 inter
450 949 546 966 Paschalem
556 954 615 971 papam
625 950 642 966 et
650 949 700 966 licin-

138 974 189 990 ricum
201 975 276 995 quartum
288 974 387 991 avunculum
396 974 454 996 ipsius.
468 974 547 996 Sepultus
557 975 583 991 est
592 973 699 991 Sunnesheirn

138 998 184 1015 iuxta
192 1000 260 1015 matrem
269 998 289 1015 A.
298 1000 315 1015 et
323 998 389 1016 fratrem
399 998 496 1021 Ceyzoll‘um
503 999 584 1016 comitem,
593 998 671 1020 Sepultus
678 998 701 1014 est

139 1024 156 1040 ot
168 1022 190 1040 ibi
205 1024 252 1045 pater
266 1027 306 1040 suus
321 1023 346 1040 W.
360 1028 426 1046 comes,
441 1025 458 1040 et
470 1023 541 1041 Sisridus
555 1027 612 1040 comes
621 1025 638 1040 et
647 1023 700 1040 sancta

157 1067 171 1083 l]
180 1066 221 1080 modo
230 1066 249 1080 he.
