738 1221
227 67 245 78 εγ.
257 67 340 79 consi-anio
351 67 439 79 cuLommsi.
581 60 616 77 359

50 102 99 119 nullis
109 102 155 124 egris
163 102 186 119 ibi
195 103 269 124 optatam
277 102 396 124 recipientibus
408 102 501 119 sanitatem.
515 102 616 120 Constanter
625 105 658 119 122⁵

50 127 93 144 enim
107 129 185 149 speratur
193 127 247 149 ipsum
260 127 331 148 martyrii
339 127 402 149 premia
410 127 501 149 meruisse,
510 128 550 149 quia
559 128 617 149 equis—

51 156 102 168 snnus
112 151 164 169 iudex
173 153 189 169 et
198 153 287 169 strennuus
297 152 349 174 patrie
359 153 376 168 et
385 152 492 168 ecclesiarum
502 151 529 169 dei
538 152 618 169 defensor

50 176 78 193 luit
92 178 110 193 et
123 181 153 198 pro
166 181 221 194 earum
234 176 311 193 occubuit
322 176 426 193 defensione.
439 176 484 193 luter
497 178 552 194 cetera
564 177 618 194 eciam

50 201 85 218 eins
95 201 187 218 laudabilia
196 203 251 223 gesta,
260 203 277 218 et
286 205 344 223 pacem
354 201 462 218 firmissimam
472 201 573 224 elaboravit,
586 206 617 219 ca-

50 228 102 243 strum
112 226 180 243 Turunh
189 230 239 248 super
247 226 335 243 Mosellam
344 226 393 243 situm
400 225 486 243 latibulum
495 226 587 248 predonum
596 226 617 243 ad

49 251 138 268 maximum
154 251 258 268 commodum
273 250 381 268 ecclesiarum
395 252 412 267 et
423 251 475 273 patrie
487 252 589 273 comparavit
601 253 618 268 et

50 275 125 292 ecclesie
134 275 230 292 Coloniensi
240 275 306 297 reliquit
315 275 441 297 possidendum*

86 300 139 318 Cuius
153 302 205 318 morte
218 300 275 317 audita
287 300 375 317 Heinricus
388 305 446 317 comes
458 299 479 317 de
492 300 569 318 Scuirinli
577 305 618 323 pro-

51 325 119 343 missum
129 325 146 342 iu
155 325 268 347 resignatione
275 325 321 346 regis
327 325 379 342 Ducie
387 327 449 347 cassat,
457 327 474 342 et
480 325 563 343 mediante
570 330 617 343 com-

50 350 136 372 positione
149 351 166 367 et
178 350 251 372 acceptis
263 350 350 367 obsidibus
364 351 381 367 et
394 350 464 372 copiosa
475 351 547 372 pecnnia
560 355 617 372 regern

50 375 132 396 absolvit,
142 376 159 391 et
167 374 261 392 absolutum
270 375 347 396 permittit
355 374 377 391 ad
385 375 453 397 propria
462 379 540 392 remeare*

85 399 149 416 Postea
161 400 199 416 xvii.
213 399 245 416 kal.
255 399 348 416 decembris
360 399 447 416 Hcinricns
460 400 555 421 prepositus
569 399 618 416 Bun-

50 425 108 441 nensis
121 424 189 441 natione
204 424 225 441 de
238 424 337 441 Mulnarken
352 424 435 446 prelicitur
448 424 485 441 sedi
498 424 569 441 viduate.
585 423 617 444 Qui

50 449 105 466 statim
118 450 158 471 post
171 449 269 466 electionem
281 449 298 466 in
310 448 399 466 vindictam
409 449 456 466 necis
465 449 490 466 sui
500 449 569 471 piissimi
578 453 617 471 pre-

51 473 149 491 decessoris
158 478 213 491 coram
222 473 304 496 prioribus
313 474 385 496 prestitit
393 473 511 491 iusiurandum⁴
520 473 555 491 Nec
566 474 618 495 longa

50 503 95 516 mora
105 498 203 520 intervenit,
212 503 249 515 cum
258 498 279 515 ad
288 498 382 515 mandatum
392 498 466 515 eiusdem
480 498 529 516 electi
537 503 548 515 a
558 498 617 515 vasal-

49 524 69 541 lis
80 523 190 540 Coloniensis
201 523 274 540 ecclesie
286 524 357 540 castrum
365 523 448 545 Isenberg
456 523 545 541 obsessum
556 523 573 540 in
584 523 617 540 de-

50 548 130 565 ditionem
140 549 226 570 acceptum
236 549 262 565 est
271 550 288 565 et
300 548 337 565 solo
348 549 454 570 coequatum.
467 548 512 565 Idem
525 548 585 565 accidit
595 548 617 565 de

50 573 82 590 alio
90 575 147 590 castro
156 572 231 590 eiusdem
240 573 305 589 comitis
314 572 359 594 quod
367 572 427 590 dicitur
434 573 492 590 Novus
501 573 550 590 Pons.
559 573 578 590 ln
586 577 617 589 na-

50 598 77 615 tali
86 597 150 615 domiui
159 598 236 619 sequenti
245 597 332 615 Cunradus
341 597 438 615 Portuensis
447 598 537 620 episcopus
546 599 618 620 aposto-

49 623 80 640 lice
89 622 137 640 sedis
145 623 212 644 legatus
222 622 290 639 advenit
299 622 390 645 Coloniam,
399 623 426 644 qui
436 622 503 639 terribili
512 622 617 640 anathemate

50 647 134 665 nefandos
143 647 181 664 illos
191 647 290 664 Fridericum
301 649 318 664 et
328 651 369 664 suos
379 647 469 669 complices
478 647 592 669 prophanavit

86 672 138 690 Anno
147 672 209 689 domini
218 672 314 689 m.cc.xx.vi.
323 671 408 689 Honorius
417 676 461 694 papa
470 672 491 689 de
501 672 572 689 consilio
582 671 618 689 sra—

50 698 91 714 trum
102 697 176 718 legatum
183 697 199 713 in
207 697 292 714 Franciam
301 697 349 714 mittit
358 698 390 713 etc.

86 721 151 739 Eodem
156 726 200 738 anno
207 722 295 744 imperator
301 721 395 738 Fridericus
400 721 504 743 solempnem
508 721 570 738 curiam
576 720 617 737 Cre-

50 751 99 764 mone
108 746 167 764 indicit
175 751 205 768 pro
213 747 258 763 statu
266 746 330 768 imperii
338 746 444 763 reformando
453 747 470 762 et
478 746 551 767 negotiis
559 746 617 762 sancte

50 773 96 789 terre
110 770 137 788 Ad
147 775 196 792 quem
204 775 241 788 cum
253 771 298 788 multi
310 771 395 793 principes
408 771 495 788 Teutonici
504 771 618 793 properarent,

50 801 83 813 una
91 800 129 813 curn
142 795 175 812 tilio
183 796 287 818 imperatoris
294 800 334 817 rege
344 795 422 812 Heinrico
431 795 475 817 apud
484 795 579 812 Tridentum
588 799 618 816 per

50 825 80 838 sex
88 820 204 838 hebdomadas
214 822 340 843 commorantur
349 825 383 837 non
392 820 468 837 valentes
477 820 556 842 progredi
564 823 617 841 prop-

50 847 73 863 ter
80 845 190 863 rebellionem
199 845 330 868 veronensium,
342 845 370 867 qui
379 845 435 862 clusas
448 844 569 862 Veronensium
578 846 618 860 tunc

50 871 164 893 optinuerunt.
181 869 252 890 Quidam
266 872 321 887 autem
334 870 418 898 principes
431 869 452 886 de
464 869 537 886 Saxonia
549 869 581 886 alia
590 866 617 885 via

49 900 78 918 per
91 894 176 912 Austriam
189 896 228 912 sunt
240 894 261 911 ad
275 895 390 917 imperatorem
403 894 480 915 ingressi.
496 893 531 911 Rex
543 895 597 910 autern
607 897 617 910 a

50 920 136 942 Tridento,
145 924 180 937 non
188 920 225 937 viso
239 920 343 942 imperatore,
354 924 390 936 eum
401 919 503 941 principibus
512 919 529 935 in
537 918 617 935 Aleman-

50 946 94 962 niam
102 945 159 962 inacte
168 944 254 961 revertitur
257 950 261 966 ;
275 945 291 961 in
304 949 373 966 quorum
383 944 460 961 discessu
469 943 565 961 Tridentum
574 943 616 960 civi-

50 972 74 987 tas
84 969 149 987 casuali
159 969 237 986 incendio
247 971 365 986 concrematur.
382 969 482 991 Imperatore
492 970 546 985 autem
556 973 566 985 a
575 968 617 985 Cre-

50 999 99 1012 mona
108 999 163 1016 usque
172 993 193 1011 ad
203 994 273 1016 burgum
282 994 336 1011 sancti
345 994 423 1011 Domnini
433 993 527 1010 declinante
535 1006 539 1015 ‚
552 993 617 1010 (11111111-

50 1019 81 1036 dus
94 1019 185 1041 episcopus
199 1018 350 1041 Hildensemensis,
364 1019 392 1040 qui
401 1020 440 1035 lunc
449 1018 495 1035 verbi
505 1018 558 1035 crucis
568 1018 617 1034 mini-

51 1044 100 1061 sterio
115 1043 225 1065 fungebatur,
239 1043 415 1060 excommunicationis
427 1043 526 1060 sententiam
540 1043 556 1060 in
569 1042 617 1059 Lon-

51 1069 134 1090 gobnrdos
147 1068 241 1091 imperatori
253 1073 291 1085 cruc
311 1069 378 1090 signato
387 1067 458 1085 rebelles
468 1068 513 1090 tulit,
528 1067 617 1084 annuenti-
