738 1221
111 60 148 77 ³4oe
289 67 309 79 u
319 67 402 79 conurnmo
413 67 502 79 conamur.

70 104 103 118 12oe
112 102 196 124 Mer-anie,
210 103 226 119 ct
238 106 274 119 eum
287 102 358 119 maxima
373 102 427 124 gloria
436 101 464 119 rad
478 101 593 119 deducendam
605 102 680 125 puellam

110 127 228 149 processisset,
234 128 250 144 et
259 131 337 144 reversus
342 127 359 144 in
368 127 457 149 civitatem,
462 126 554 144 meridiano
559 129 634 149 ternpore
641 132 679 144 orn-

110 152 160 169 nibus
169 151 291 174 recedentibus,
297 152 343 169 solus
350 152 367 168 in
375 151 447 173 quodam
454 152 499 169 lobio
507 156 544 168 curn
551 152 633 174 episcopo
639 152 680 174 Spi-

110 177 155 193 rensi
164 178 181 193 et
189 176 226 193 aliis
235 176 301 193 duobus
306 189 311 199 ,
320 176 384 193 scilicet
392 177 482 194 camerario
492 178 509 193 et
517 176 593 198 dapifero
602 181 640 199 sno,
648 181 679 194 re-

110 202 206 223 mansisset,
215 201 243 218 ille
253 200 325 218 nefarius
334 201 384 218 homo
394 206 430 218 cum
439 201 513 218 sedecim
522 201 600 218 militibus
610 202 680 219 armatis

111 226 203 243 adveniens
213 226 296 243 introitum
305 226 360 248 peciit⁴
373 225 405 246 Qui
415 230 452 243 cum
460 226 508 243 iussu
517 226 562 247 regis
571 226 680 243 intromissus

111 250 180 273 inisset,
192 250 229 267 aliis
241 250 282 267 soris
295 251 427 273 remanentibus,
436 250 510 272 gladium
518 250 589 267 latenter
597 250 619 268 de
628 255 680 268 manu

111 275 197 292 cuiusdam
209 276 285 297 armigeri
299 275 344 298 tulit,
354 277 371 292 et
380 276 428 297 quasi
438 280 495 297 regem
504 275 606 292 salutaturus
615 280 680 293 ncces-

112 300 142 322 sit;
155 304 204 322 quem
218 305 254 317 cum
267 300 347 317 audacter
359 300 376 317 in
388 301 438 322 caput
447 300 484 317 eius
493 300 586 322 vibrasset,
601 305 635 318 uno
644 301 680 318 ictu

111 329 148 342 eum
157 325 243 342 interiecit.
257 324 294 345 Quo
303 325 358 342 statim
367 327 437 347 mortun,
446 325 528 347 episeopo
535 325 610 347 Spirensi
620 330 639 342 se
647 329 680 342 oc-

110 350 188 372 cultante,
198 350 239 367 alios
249 350 292 367 dnos
299 350 317 367 in
325 354 362 367 eum
370 350 432 367 irruere
439 350 517 367 volentes
526 350 589 367 fortiter
596 350 680 367 vulnera-

111 375 143 397 vit,
156 376 172 392 et
182 379 220 391 mox
230 379 310 396 egressus
319 379 392 392 ascenso
404 379 448 396 equo
459 379 497 392 cum
508 375 544 392 suis
558 374 617 396 fugere
627 375 679 397 cepit.

111 399 139 416 Sic
149 404 177 417 rex
187 399 271 421 Philippus
280 404 317 416 eum
326 404 355 421 per
364 399 423 417 decern
431 404 485 417 annos
494 400 622 421 circumquaque
631 400 680 422 prin-

110 424 158 446 cipes
169 426 185 441 et
196 424 262 441 nobiles
270 424 383 447 subdidisset,
392 424 485 446 provincias
495 426 512 441 et
524 425 600 441 civitates
613 424 679 446 perdo-

111 449 189 472 muisset,
202 453 262 471 papam
274 449 326 466 eciam
337 449 369 466 sibi
379 449 411 466 iarn
424 449 549 466 reconciliatum
559 449 638 471 haberet,
647 454 679 466 se—

111 474 182 491 cundum
192 473 319 496 dispositionem
328 473 364 496 dei,
373 474 390 491 in
400 474 448 491 cuins
456 478 506 491 mann
515 475 554 491 sunt
563 474 635 491 omnium
644 478 679 496 po-

111 500 181 515 testates
191 500 208 515 et
216 499 253 515 iura
261 503 359 521 regnorum,
368 500 386 516 et
394 499 422 520 qui
431 498 509 515 transfert
518 503 570 520 regna
577 500 628 520 atque
635 503 679 516 con-

111 523 173 545 stituit,
182 523 270 540 undecimo
280 527 324 540 anno
337 524 387 540 vitam
397 528 434 540 cum
444 527 497 545 reguo
509 523 583 545 perdidit.
597 523 679 545 Sepultus

111 549 138 565 est
146 547 207 565 ibidem
216 548 293 570 sequenti
302 547 329 565 die
340 553 355 565 x.
364 548 396 565 kal.
407 548 450 571 iulii,
461 548 525 565 scilicet
537 548 554 565 in
565 548 609 565 festo
622 548 679 565 sancti

111 572 166 590 Albini
176 572 218 595 [iuni
228 572 266 595 22].

149 597 220 615 Siiridus
229 598 279 619 igitur
285 597 401 620 Mogontinns,
411 599 460 620 capto
465 597 510 620 apud
515 597 627 619 Wassinberg
633 598 680 615 Bru—

111 627 156 639 none
168 622 304 645 archiepiscopo,
316 623 382 640 occulte
391 622 412 640 de
425 622 495 640 Colonia
506 623 570 645 exiens,
579 622 646 639 Romam
656 622 680 640 ad

111 647 221 669 apostolicum
227 647 338 664 setrunstulit.
347 647 378 665 Ubi
385 652 415 670 per
423 647 506 664 biennium
513 647 530 664 in
539 647 612 664 eeclesia
619 649 680 664 sancte

112 672 184 693 Sabine,
198 672 226 689 ubi
237 672 325 689 cardinalis
336 673 380 694 erat,
394 672 468 694 degens,
481 672 557 694 Philippo
567 676 607 693 rege
619 672 680 689 occiso

112 701 122 714 a
131 701 175 719 papa
187 696 208 713 ad
217 697 275 714 sedern
288 697 370 719 propriam
380 697 474 719 remittitur,
487 698 504 713 et
517 697 615 714 auctoritate
624 697 680 719 ipsius

112 721 166 738 eiecto
175 721 262 743 Lupoldo,
272 726 281 738 a
289 722 354 738 cunctis
365 721 453 743 Mogontie
465 726 502 738 cum
517 722 571 743 gloria
583 721 679 743 suscipitur.

112 746 153 763 Cum
163 750 196 767 qno
207 746 259 763 eciam
268 746 323 763 Bruno
332 746 468 768 archiepiscopus
480 751 490 763 a
498 751 542 768 papa
553 746 643 763 honorifice
651 746 680 763 di-

112 771 174 787 missus
185 770 261 793 rediens,
274 771 291 788 in
304 770 348 788 resto
361 772 454 788 sanctornm
465 773 554 793 martyrum
565 771 608 788 Preti
618 773 635 788 et
645 771 679 788 Ja-

112 796 168 817 cyncti
182 794 233 818 [sept.
244 795 275 818 11]
289 800 326 813 curn
339 796 409 813 maximo
419 795 490 818 tripudio
500 797 517 813 et
525 796 588 817 gaudio
597 800 607 813 a
617 798 680 813 minoto

113 820 158 837 clero
167 822 184 837 et
192 820 255 842 populo
264 820 333 838 Colonie
343 821 437 842 suscipitur.
451 820 494 843 Sed,
504 820 555 842 proch
566 820 623 843 dolor,
632 825 679 842 gau-

112 844 157 862 dium
165 845 206 862 illud
214 845 231 862 in
242 845 289 862 brevi
297 847 374 862 mutatum
383 847 409 862 est
419 845 436 862 in
446 849 525 862 merorem
534 847 551 862 et
560 845 626 862 luctum*
636 845 679 862 Nam

112 871 174 887 terrore
183 869 265 886 adventus
274 870 310 887 eius
321 874 358 887 cuni
365 872 400 888 tota
408 870 493 892 provincia
503 874 513 887 n
523 870 627 892 predonibus
636 874 679 892 pur-

112 896 152 916 gata
161 895 263 917 quiesceret,
273 894 344 911 Adolins
352 895 405 912 eciam
415 894 499 917 qnondam
509 894 615 912 coloniensis
623 895 680 912 archi-

112 920 209 942 episcopus,
217 920 271 941 gratia
277 920 417 937 reconciliationis
428 919 449 936 ad
457 924 494 937 enm
504 919 590 937 Coloniam
602 920 678 942 veniens,

112 944 204 961 secuudum
217 946 312 966 preceptum
321 949 364 967 pape
375 945 411 962 eins
423 944 522 962 obediencie
534 949 553 962 se
565 944 679 967 submisisset,

113 969 164 986 ceteri
174 973 242 991 quoque
256 969 292 986 cius
305 969 378 986 fautores
388 970 456 986 comites
469 971 486 986 et
495 969 561 986 nobiles
571 970 646 986 certatim
656 969 679 986 ad

112 998 150 1010 eum
162 994 251 1011 venientes
263 994 347 1011 fidelitatis
361 994 469 1011 iuramentum
481 994 594 1016 prestitissent
607 996 625 1011 et
633 994 679 1011 obe-

112 1018 191 1035 dientiam
200 1019 321 1040 promitterent:
328 1019 409 1040 languore
417 1019 512 1041 corripitur,
521 1019 561 1036 etin
568 1020 623 1036 castro
632 1019 680 1041 quod

113 1043 172 1060 dieitur
180 1043 293 1065 Blankinberg
304 1048 333 1065 per
342 1044 406 1065 aliquot
414 1043 450 1061 dies
459 1044 475 1060 in
485 1043 529 1061 lecto
538 1043 634 1066 decubans,
648 1048 681 1061 se-

113 1068 170 1089 quenti
183 1067 209 1085 die
221 1069 261 1090 post
272 1067 330 1085 festum
342 1068 414 1085 omniurn
425 1068 524 1086 Sanctorum
536 1067 583 1092 [nav.
595 1068 615 1091 2]
627 1070 680 1086 morte
