738 1221
115 68 150 85 198
300 75 365 87 manu
376 75 495 87 νωιυΛι-ιιιικιε.

75 111 109 126 1260
118 109 219 128 convocavit
228 109 335 127 Eberhardus
346 110 409 127 amicos
418 110 435 126 in
446 109 529 126 civitatem
534 109 682 131 wormatiensem,

113 133 154 157 qui¹
165 139 202 152 eum
212 135 293 157 episeopo
304 136 320 152 et
327 135 392 152 civibus
404 134 510 156 egredientes
520 134 585 151 edificia
593 134 653 151 Jaoobi
664 136 682 151 et

114 159 187 177 Simonis
197 159 293 181 ubicunque
306 159 380 177 sraeturis
394 161 412 176 et
423 158 505 176 incendiis
521 158 634 176 devastarunt
661 159 683 176 Et

114 185 164 202 etiam
169 184 239 207 predicti
245 184 303 201 hostes
308 184 367 201 horrea
374 184 434 201 civium
439 183 555 201 succederunt.
564 183 584 201 Et
589 184 617 205 qui
621 184 682 200 ineen-

114 209 142 226 dia
150 209 210 227 civium
217 209 334 226 commiserunt
342 208 409 231 quidam
417 210 465 226 erant
474 208 494 225 de
504 208 608 230 Gnndtheim,
614 208 683 230 quidam

113 238 155 251 vero
160 234 181 251 de
185 233 254 256 Altzeia,
260 233 348 255 etquidem
352 233 374 251 de
378 233 488 256 Oppenheim,
492 233 599 255 egredientes
604 233 684 255 etingre-

114 258 180 276 dientes
185 257 293 281 Oppenheim,
298 258 330 276 heo
335 258 406 281 dampna
410 258 474 275 civibus
479 258 574 275 intulerant
579 258 599 275 Et
603 257 685 280 dampni·-

115 283 159 300 ficati
167 285 207 300 sant
215 283 262 300 cives
274 287 305 306 per
312 283 389 300 incendia
401 284 448 300 extra
460 283 543 300 civitatem
551 282 590 305 pius
600 287 650 305 qnam
661 282 684 300 ad

115 308 148 325 dno
159 308 204 325 rnilia
215 312 309 325 marcarum.
326 308 365 326 Erat
373 308 422 325 etiam
433 308 449 325 in
458 307 491 325 iliis
502 307 603 330 temporibus
614 307 684 330 quidem

114 334 173 350 cantor
184 333 251 350 maioris
262 333 335 350 ecclesie
347 333 486 355 wormatiensis,
500 332 543 350 iilius
555 332 610 349 fratris
621 332 684 349 Jaeohi

115 357 136 375 de
146 357 219 380 Lapide,
233 357 344 375 malefactoris
358 358 418 375 civium
427 357 581 375 Wormaoiensium.
602 357 624 374 Et
637 357 684 374 idem

114 383 181 400 nomine
193 382 267 399 Jacobas
279 383 346 405 cantor,
363 382 388 399 vir
402 382 502 404 bellicosus,
519 382 547 404 qni
561 382 610 399 etiam
623 381 685 399 aderat

115 407 199 424 conflictui
210 407 227 424 in
235 406 332 429 Osthoven,
344 408 362 424 et
369 407 412 424 inter
423 408 479 429 partes
488 406 601 428 colloquendo
613 406 685 428 equita—

114 431 148 454 bat,
157 432 180 449 ita
187 431 233 453 quod
244 434 333 454 suspectus
343 432 415 449 totaliter
427 436 437 448 a
448 431 512 449 civibus
521 432 548 448 est
556 432 648 453 reputatus.
662 431 685 448 Et

115 456 159 474 idem
166 458 224 474 cantor
232 458 292 479 postea
299 457 382 474 civitatem
390 461 424 473 non
434 456 555 478 frequentabat.
571 456 597 473 Ac
607 456 685 473 similiter

115 481 219 498 Berlewinus
233 482 324 499 canonicus
335 481 403 499 maioris
415 481 495 503 ecclesie,
511 480 554 498 filius
563 480 630 498 domine
638 480 684 498 Utde

115 505 247 523 sororis-lacem.
260 506 281 523 Et
289 506 313 523 sic
323 507 357 523 tota
367 506 459 528 progenies
466 506 502 528 ilia,
512 505 626 523 inumerahiiia
637 505 684 523 mala

115 530 188 552 dampna
199 530 265 552 rapinas
275 531 339 548 civibus
350 530 500 548 Wormatiensibus
511 530 625 547 indesinenter
634 530 683 547 infe·-

115 555 167 572 rebat.
180 555 251 572 Nomina
259 557 314 573 autern
323 555 368 573 illins
378 555 457 577 prosapie
466 557 513 572 sunt:
522 555 600 577 Hesene,
613 555 685 572 Buntri-

115 584 151 602 me,
160 579 256 602 Hepmdip,
263 579 318 603 Rube,
326 580 372 597 Rode
379 580 406 597 vel
414 580 465 602 Ruffi,
475 580 571 597 Gransones
576 593 581 602 ‚
589 579 684 601 Sulgeloch

116 604 144 622 fflii
155 604 208 627 Utde‚
220 604 350 628 Gunetsestorn,
365 605 436 628 Grenni,
448 605 502 622 Ziunii
513 606 530 622 et
541 609 598 622 eorum
609 604 685 627 compli-

116 634 145 647 ces
155 631 173 647 et
185 634 272 651 sequaces.
287 630 337 647 Judei
351 635 391 647 vero
403 630 480 647 videntes
494 630 540 647 cives
553 630 570 646 in
582 629 614 646 hoo
625 629 685 647 saetod

115 655 177 672 enariis
190 654 265 676 indigere
278 654 359 672 dederunt
372 655 414 677 ipsis
428 656 511 672 trecentas
524 654 574 671 libras
586 654 624 671 hall.
637 659 685 671 anno

115 679 184 696 m.cc.lx.
193 681 232 696 anie
246 679 345 697 dominicam
357 680 417 697 Letare
427 679 480 702 [mdrz
492 679 523 702 tt]
536 679 557 696 de
565 679 625 701 quihus
634 679 685 696 cives

115 704 173 721 anneis
186 703 248 721 domini
260 704 351 721 Eberhardi
363 704 418 721 militis
431 704 513 721 dederunt
528 704 685 726 quadragintaduas

115 728 165 745 libras
174 728 212 745 hall.

152 752 219 770 Accidit
226 755 280 770 autern
287 753 314 770 die
321 753 384 776 planiti,
395 753 473 771 videlicet
481 753 552 771 sabbato
562 754 604 770 intra
612 754 685 771 oetavns

115 779 224 800 pentecostes
233 777 274 800 [mai
284 777 316 801 29]
321 791 326 801 ,
339 779 401 795 statuta
410 778 454 801 apud
463 778 554 795 Hoohheirn
566 782 621 795 coram
628 778 685 795 Eber-

115 802 168 820 nardo
177 803 259 825 episeopo
269 803 387 820 Wormatiensi
399 805 415 820 et
426 803 499 820 ilenrico
506 803 589 825 Spirensi,
597 803 685 825 presenti‘

116 827 147 844 bus
158 827 243 845 nobilibus
250 828 291 845 viris
298 827 318 845 H.
328 827 345 845 R.
357 829 375 845 et
384 827 402 845 C.
411 828 483 845 Hirsutis
495 828 593 850 comitibus,
606 827 685 850 Philippo

115 851 137 869 de
145 851 238 870 Hohensels
248 854 265 869 et
271 852 305 870 filio
313 857 344 870 suo
350 852 430 875 Phiiippo,
440 852 501 870 Wirico
510 852 532 869 de
540 852 588 869 Duna
596 854 613 869 et
620 852 686 869 Wern-

115 876 157 893 hero
165 876 187 894 de
195 877 281 900 Boiandia‚
292 877 335 894 facte
343 879 383 894 sunt
394 879 452 899 treuge
460 878 503 894 Inter
511 877 557 894 cives
567 877 685 894 Wonnatien-

116 905 144 919 ses
152 903 169 918 et
176 901 282 920 adversarios
291 906 347 919 eornm
353 902 434 919 „iacobum
442 904 459 919 et
467 902 550 920 Simonem
560 902 580 919 ad
588 901 686 924 quindecim

116 925 157 943 dies.
170 926 192 943 Et
201 927 268 949 expleto
276 927 337 949 placito
346 927 383 949 ipsa
393 927 421 944 die
430 927 497 949 quidam
507 926 608 944 adolescens
614 927 685 944 nornine

116 950 203 968 Johannes
216 951 236 969 de
248 952 374 969 Liech'tenstein
386 952 444 969 exiens
457 952 548 974 civitatem,
561 951 649 969 confidens
661 951 684 969 de

116 975 185 998 treugis,
192 977 269 998 pervenit
276 976 391 994 Mumesheim.
400 976 421 994 Et
430 981 470 994 ecoe
480 976 547 998 quidam
556 976 604 994 miles
616 976 685 994 nomine

115 999 180 1017 Robelo
191 1000 213 1017 de
220 1001 358 1018 Bischofl'esheim
367 1003 384 1018 et
393 1001 484 1023 Suigeiooh
493 1003 510 1018 et
521 1001 588 1023 quidam
601 1001 629 1018 alii
633 1014 639 1023 Ι
651 1001 685 1023 ipsi

116 1024 189 1042 Johanni
200 1025 299 1043 insidiantes
312 1027 330 1043 ut
346 1031 383 1043 eum
394 1028 474 1048 caperent
485 1026 512 1043 vel
523 1026 629 1048 occiderent,
642 1030 685 1048 per-

116 1050 169 1067 secuti
182 1051 222 1067 snnt
233 1055 275 1067 enm.
296 1050 318 1068 At
327 1051 355 1068 ine
367 1051 454 1068 lohannes
467 1051 524 1068 divino
537 1051 569 1068 sihi
581 1052 685 1073 cooperante

134 1077 149 1094 ι)
157 1077 181 1094 qui
190 1076 225 1090 nato
234 1077 255 1091 ion
264 1079 337 1095 ιιιςεωιιι.
