738 1221
259 74 277 85 131
289 74 341 85 'rnon
353 74 405 85 wrxns.
582 68 617 85 455

84 107 194 125 M.cc.lx.viiii.
203 108 313 125 Romanorum
323 113 391 131 quoque
400 113 429 126 rex
435 109 504 126 illustris
511 110 616 127 interioribus
626 113 659 128 ¹269

46 134 63 149 et
71 132 185 154 superioribus
197 133 272 155 partibus
281 134 384 156 peragratis,
400 134 507 156 perpendens
521 135 567 157 quod
579 135 618 152 dnm

46 157 62 174 in
72 156 134 179 Anglia
147 162 177 180 pro
188 157 243 175 fratris
255 158 282 175 sui
294 159 339 179 regis
348 158 410 180 Anglie
421 159 504 176 iuvamine
518 160 617 183 morabatur,

47 181 110 199 furiosa
119 182 247 199 Teutonicorum
257 183 329 205 insania,
342 187 412 205 qnorum
422 184 523 201 munitiones
531 185 617 207 inexpug-

46 206 112 224 nabiles
120 211 171 229 snper
177 207 242 224 alveum
251 207 325 224 Rhenum
331 208 425 225 consistere
432 207 559 232 dignoscuntur,
569 210 617 231 quie-

45 232 66 248 tis
75 232 170 254 impatiens,
180 234 197 249 et
206 232 307 253 acquirendo
316 233 388 254 pecunie
398 237 428 249 sen
437 234 493 255 potius
502 234 617 256 extorquenda

45 258 77 273 tarn
87 256 137 274 avida
141 269 146 279 r
158 256 203 279 quod
212 261 242 279 pro
252 261 272 274 ea
281 257 390 278 congerenda
399 257 462 274 nullum
472 262 527 280 genus
537 258 617 276 facinoris

46 281 164 304 exhorrescat,
177 281 198 298 de
208 281 280 303 singulis
288 282 373 304 puppibus
386 286 419 304 que
432 286 461 304 per
474 283 575 305 crepidinem
585 283 617 301 tlu-

45 306 94 323 minis
110 306 200 328 supradicti
212 306 291 324 victualia
308 311 338 324 seu
352 311 452 329 quecunque
466 308 573 325 mercimonia
585 308 617 326 de-

46 330 128 354 serebant,
138 332 155 348 et
163 335 193 353 per
199 331 300 348 munitiones
309 331 408 354 imtedictas,
418 336 460 354 quas
470 333 532 350 evitare
541 337 575 350 non
584 337 617 355 po-

45 357 109 378 terant,
127 356 230 373 descendere
243 358 351 378 cogerentur,
369 356 437 374 insolita
446 358 463 374 et
474 361 543 379 prorsus
552 358 616 375 intole-

45 380 103 397 rabilia
112 381 193 403 pasnagia,
207 385 240 403 que
251 381 304 403 vulgo
316 381 395 398 thelonea
408 384 534 405 nuncupantur,
548 386 580 399 nee
588 382 616 400 dei

45 405 103 422 timore
112 410 145 423 nec
153 406 199 427 regis
208 406 302 423 reverentia
311 406 388 428 coerciti,
398 406 460 428 singuli
469 407 576 428 singulariter
585 412 616 424 ex-

45 430 154 452 torquebant,
167 430 212 447 unde
225 430 287 447 facturn
298 432 325 448 est
337 430 383 452 quod
395 431 423 448 vili
435 432 489 453 pretio
499 432 615 454 venderemur,

45 455 103 472 morbo
112 457 145 472 tam
154 454 233 477 pestifero
247 455 313 472 salubre
326 455 389 472 studuit
398 455 476 473 adbibere
486 454 582 473 remedium.
595 457 616 474 Et

44 479 89 497 sacta
98 480 154 497 statim
166 480 182 497 in
193 479 233 497 urbe
243 480 335 497 Wormatia
343 480 434 502 principum
444 482 461 497 et
469 483 565 502 magnatum
574 481 615 498 Ale-

44 504 111 521 mannie
121 505 243 522 convocatione
252 509 286 522 non
295 504 367 527 rnodicn7
377 506 421 527 cepit
431 509 466 522 cum
476 506 501 522 eis
511 507 567 523 mutuo
576 510 615 528 per-

44 530 124 552 tractare,
141 529 213 551 qualiter
225 529 309 546 salubrius
325 531 342 547 et
356 530 416 547 melius
433 530 510 547 desolate
528 531 616 553 provincie

43 555 104 576 posset
113 554 251 576 oppressionibus
260 554 332 577 obvium
345 556 363 571 nt
372 557 441 576 pertusa
449 554 560 577 vespillonum
569 555 615 573 rabie

44 579 126 600 pertinaci
143 579 242 596 succederet
256 581 313 601 optata
327 579 436 601 tranquillitas
449 584 499 602 snper
512 579 585 597 Rhenum
598 581 616 597 et

43 604 158 621 necessarium
170 604 230 621 incolis
245 606 354 621 commeatum
367 608 402 621 non
417 605 522 626 contingeret
534 605 614 627 impediri<

44 628 88 645 Sane
97 629 202 651 prospiciens
212 630 244 645 tam
257 629 324 646 salubre
337 630 440 651 propositum
454 630 547 651 sagacitnte
558 630 614 651 potius

44 657 94 675 qum
108 653 171 670 viribus
184 653 205 670 ad
218 653 294 670 ellectum
308 657 360 676 posse
372 653 441 676 perduci
445 667 450 676 ,
467 654 513 671 cives
524 654 614 671 vicinarum

42 678 114 700 urbium,
127 678 155 700 qui
165 677 186 695 de
196 678 308 695 mercimoniis
317 679 373 695 vivere
383 680 515 701 consueverant,
525 681 542 696 et
550 680 614 701 poten-

43 703 95 720 tiores
109 703 165 725 regni,
182 703 255 720 unanimi
268 702 325 720 redere
338 703 437 726 colligatos,
453 703 559 721 iurisiurandi
571 708 614 721 can-

43 728 89 744 tione
98 728 168 750 prestita
176 728 261 750 connivit,
275 727 321 750 qnod
334 728 348 745 si
361 728 399 749 quis
412 728 428 745 in
441 730 532 751 posterum,
542 729 613 750 quante-

43 756 110 774 cunqne
119 752 162 769 soret
170 753 300 775 preeminentie,
316 752 412 775 supradicta
424 752 502 770 thelonea
511 755 614 775 presumeret

43 779 154 800 extorquere,
164 778 219 794 statim
227 781 286 794 omnes
295 779 312 794 et
321 778 391 799 singuli,
401 778 491 795 contractis
500 777 613 800 undequaque

42 801 104 819 viribus
109 814 114 824 ,
128 802 198 819 invicem
207 801 305 823 conglobati
313 802 345 819 snb
353 802 415 819 mulcta
424 802 523 819 intolerabili
532 803 613 819 irruerent

41 827 57 844 in
70 826 160 849 rebellem,
181 827 282 843 munitiones
300 827 353 848 ipsius
367 826 404 843 solo
418 828 469 844 tenus
482 827 612 849 complanando,

42 852 90 868 terris
99 852 117 868 et
126 851 266 873 possessionibus
274 851 328 873 ipsius
341 856 394 873 usque
404 851 425 868 ad
434 852 549 868 exterminium
557 851 612 874 depo·

41 876 133 898 putationis
143 878 216 893 extreme
229 876 344 893 crudelissime
353 876 468 898 devastando,
485 878 556 898 excepto
566 876 612 893 duu-

42 902 87 919 taxat
96 900 227 923 Boppardiensis
236 899 242 910 ¹
252 902 268 918 et
277 900 377 918 werdensis
386 901 485 923 oppidorum
494 903 576 918 consueto
585 903 612 919 tc-

41 926 97 948 lonio,
113 925 159 948 quod
168 930 189 943 ax
198 926 267 948 antiqno
275 926 311 943 iure
320 925 430 943 Romanorum
438 926 506 947 regibus
516 926 611 943 incumbere

42 950 136 968 consuevit.
154 951 207 972 Igitur
216 951 303 967 Teutonici
316 951 381 967 sublate
395 952 440 967 tante
454 951 571 973 oppressionis
583 952 611 968 in-

42 975 131 992 commodo
144 975 262 997 glorificabant
275 979 341 997 regern,
355 977 371 992 ct
382 976 435 997 ipsius
448 976 546 998 sapientiam
556 976 611 992 multi-

42 1000 107 1022 pliciter
115 1000 255 1017 commendabant
259 1005 263 1022 5
277 1000 317 1022 quin
326 1000 376 1017 etiarn
384 1001 408 1017 rei
417 1002 466 1021 geste
475 999 569 1022 divulgatio
582 1005 612 1022 per

42 1025 130 1042 universas
139 1025 184 1042 orbis
193 1025 289 1047 provincias
295 1025 341 1046 regie
348 1025 440 1041 maiestatis
448 1025 510 1042 titulum
519 1025 612 1042 mirabiliter

42 1050 140 1067 illustrabat.
158 1050 219 1066 Gavisa
228 1051 255 1067 est
263 1049 380 1066 universaliter
392 1049 472 1067 bellicosa
482 1050 568 1067 Germania
578 1054 610 1067 ex-

58 1078 72 1094 ι)
83 1076 199 1094 Veropardicmie
208 1076 247 1090 Gale.
