738 1221
128 60 162 77 112
309 67 391 78 curramus
403 66 421 78 at
432 67 514 78 euenirent.

126 102 177 119 nitate
185 101 288 123 vertebatur,
298 101 338 118 inito
347 101 418 118 consilio
427 101 503 123 precepit
512 101 615 124 principibus
626 101 698 118 Alema-

127 127 163 149 nie,
173 126 273 143 electoribus
282 126 372 148 dumtaxat,
381 128 400 143 ut
407 126 428 143 de
435 125 545 143 Romanorum
555 130 601 148 rege,
607 127 657 143 sicuti
665 131 699 143 saa

127 150 148 168 ab
155 151 222 173 antiqua
233 152 250 168 et
260 151 351 173 approbata
362 150 483 168 consuetudine
492 151 578 173 intererat,
587 151 699 173 providerem

127 176 169 193 infra
177 177 242 198 tempus
254 176 278 192 eis
287 175 308 192 ad
318 176 350 193 hoc
360 180 370 192 a
381 175 449 193 domino
461 180 505 198 papa
517 176 597 197 Gregorio
609 177 697 198 statutum,

127 201 169 218 alins
179 201 216 223 ipse
226 200 248 217 do
258 204 343 217 consensu
356 200 464 217 cardinalium
476 200 545 218 Romani
559 201 622 223 imperii
634 201 698 223 provi-

127 225 167 243 dere
176 225 226 242 vellet
236 225 340 242 desolationi.
357 225 436 242 Mandato
448 227 503 242 autem
516 225 610 247 apostolico
622 226 662 243 viso
676 225 697 242 ab

127 251 169 272 ipsis
177 250 279 272 principibus
288 251 305 267 et
316 251 392 272 recepto,
403 251 517 267 convenerunt
529 249 573 272 apud
585 250 698 267 Frankenturt

127 275 148 292 de
159 275 241 292 electione
249 274 359 292 Romanorum
369 275 413 296 regis
422 275 508 292 tractaturi.

87 300 119 314 1273
165 299 197 319 Qui
208 300 264 321 utique
277 299 358 316 electores
371 299 442 316 diversis
451 300 493 316 inter
502 304 521 316 se
530 299 625 316 tractatibus
636 302 653 316 et
667 299 697 317 di-

127 324 211 341 verticulis
224 324 285 341 babitis
293 328 326 341 non
335 326 411 346 poteraut
422 324 443 341 de
452 324 534 341 electione
542 324 655 347 concordare,
666 329 697 341 re·-

127 349 208 366 dueentes
217 349 249 366 sihi
260 349 331 366 invicem
342 349 437 366 memoriam
449 349 563 366 universorum
576 349 655 366 nobilium
667 354 697 371 per

127 378 192 391 omnem
208 378 267 395 gyrum
283 373 370 391 Alemanie
385 374 463 395 regionis.
486 373 525 390 Cum
538 375 593 391 autern
606 375 668 391 essent
679 374 697 391 in

127 400 196 415 tractatu
205 398 291 416 electionis
299 398 368 416 Romani
376 399 421 420 regis
429 398 537 421 celebrande,
547 399 592 415 venit
601 399 697 421 inspirante

127 424 201 446 desuper
211 423 267 440 divina
278 423 365 440 clementia
378 423 476 445 burgravius
487 428 544 440 comes
555 423 576 440 de
589 423 697 445 Nurenherg.

128 448 168 465 Cum
177 448 249 471 audiret,
260 448 305 470 quod
315 449 357 465 iuter
369 452 388 465 se
399 452 432 465 nou
444 449 521 470 poteraut
532 448 642 470 concordare,
653 448 696 465 hor-

127 473 192 490 tabatur
201 477 232 490 eos
242 474 261 490 ut
271 477 329 490 omnes
341 474 357 489 et
366 473 428 494 singuli
442 473 459 489 in
470 472 554 490 dominum
562 472 651 490 liudolfum
664 477 697 490 eo-

127 498 182 515 mitem
191 498 211 515 de
220 497 348 519 Habiehesburg
356 497 451 519 eligendum
464 498 480 514 in
492 497 583 514 Romanum
591 502 648 519 regem
656 498 697 515 vel-

127 523 162 540 lent
170 523 274 544 consentire,
284 526 332 544 quem
341 522 402 539 iustitia
412 523 476 544 equitas
485 523 501 539 et
508 522 588 540 rectitudo
595 522 615 539 ab
624 523 697 544 antiquo

127 547 220 565 stabilirant
243 546 295 567 Quem
307 551 365 564 omnes
378 547 469 569 principeS,
482 551 521 563 mox
535 551 572 564 cum
583 551 643 564 nomen
658 548 696 564 eius

128 572 223 594 audissent,
234 572 261 593 qui
268 571 307 588 inibi
317 573 403 593 presentes
412 571 488 594 aderant,
498 576 599 589 consensum
606 576 654 589 suurn
664 572 697 589 he-

127 597 204 614 nevolurn
212 596 316 619 adhibentes,
326 596 415 618 elegerunt
424 597 478 619 ipsum
485 596 569 614 dominum
579 596 668 614 Rudolsum
678 597 695 614 in

127 626 184 644 regem
192 622 307 639 Romanorum*
320 621 394 643 Excepto
403 621 440 638 solo
450 626 490 643 rege
497 621 581 644 Bohemie,
591 622 644 643 quiin
655 626 695 639 erun

127 648 205 669 tanquam
218 647 234 663 in
250 651 308 668 regem
324 646 376 663 nolint
392 646 497 668 consentire,
512 645 596 663 Othokaro
615 646 696 664 videlicet

128 672 194 693 quinto,
209 672 236 693 qui
247 673 301 688 tamen
312 670 417 693 postmodum
429 670 450 687 ab
459 671 496 693 ipso
506 670 573 688 domino
581 670 652 688 Rudoito
667 672 696 688 vi-

128 698 159 713 tam
168 696 220 713 finivit
228 697 323 717 extremam,
333 697 350 713 et
358 700 367 712 a
376 700 428 717 regno
437 695 516 712 Bohemie
524 695 612 713 destitutus
620 696 695 713 omniuo⁴

127 720 215 738 Consensu
227 725 268 737 vero
281 721 324 737 inter
335 720 417 737 electores
429 720 484 737 habito
494 721 586 741 communi,
596 720 696 738 festinanter

128 745 232 767 burgravinni
241 745 340 762 antedictam
347 749 377 767 pro
385 744 495 767 ipsodomino
500 745 571 762 Rudolfo
580 745 601 762 do
609 745 694 762 electione

127 774 157 787 sua
167 769 279 787 confirmanda
287 769 396 786 destinarunt.

165 795 225 811 Itinere
235 794 291 816 itaquo
305 796 370 816 arrepto
382 794 458 816 pervenit
472 794 570 815 burgravius
578 794 663 817 predictus
672 795 694 812 ad

127 821 185 836 terram
193 819 257 836 Alsatio
267 819 363 842 superioris,
373 819 394 836 ad
402 819 484 836 civitatem
492 819 570 836 videlieet
576 819 695 842 Basiliensem,

127 844 182 866 ibique
192 844 255 861 invenlt
262 844 376 861 honorandum
385 843 468 861 dominum
476 843 564 861 liudolfum
573 844 589 861 in
597 844 694 867 obsidione,

128 874 160 891 qua
179 868 268 886 obsederat
283 869 365 886 civitatem
378 869 487 885 Basiliensem
500 868 603 886 antedictam.
624 869 643 886 Et
654 874 693 886 eum

127 894 211 911 nuntiaret
222 894 236 910 ei
248 894 307 910 statum
315 897 414 915 prosperum
424 897 454 910 suo
464 893 551 910 electionis
559 893 602 911 facte
608 898 639 916 per
645 895 694 916 prin-

128 919 174 940 cipes
183 918 277 940 Alemam'e,
287 919 356 940 gavisus
365 917 450 940 obstupuit
462 922 483 934 ex
493 922 522 940 eo,
532 918 576 940 quod
585 919 656 935 omnium
665 923 694 935 re-

127 947 161 960 rum
170 944 234 960 erector
242 943 284 960 deas
295 947 332 960 euni
341 942 362 959 ad
373 944 433 959 tantum
442 942 521 960 honorem
530 944 547 960 et
555 943 601 964 regie
610 943 693 960 maiesta-

127 968 148 984 tis
161 967 225 984 cnlmen
237 967 315 989 dignatus
331 969 386 989 esset,
401 967 439 984 licet
451 967 545 990 indignum,
558 972 633 985 evocare.
651 967 693 985 Mox

127 992 185 1009 relicto
202 992 275 1009 exercita
288 992 372 1009 anhelavit
382 991 403 1009 ad
414 992 481 1014 opidum
496 992 608 1009 Frankent‘urt.
625 992 644 1009 Et
655 997 692 1009 cum

128 1017 232 1039 pervenisset
243 1017 260 1034 in
272 1017 393 1039 propinquitate
406 1016 473 1034 dimidie
484 1017 541 1039 leuce,
556 1017 609 1034 taetus
623 1019 649 1034 est
660 1017 692 1034 sihi

128 1046 208 1059 occursus
221 1046 292 1064 magnus
306 1047 316 1059 a
326 1042 428 1064 principibus
440 1043 456 1058 et
465 1042 548 1059 nobilibus
558 1044 575 1059 et
584 1042 663 1065 precipue
671 1042 692 1059 ab

128 1067 255 1089 archiepiscopo
262 1067 364 1089 Coloniensi,
375 1068 391 1083 et
399 1066 489 1084 honorifice
498 1068 575 1089 receptas
584 1071 603 1084 ae
610 1067 627 1084 in
635 1072 692 1089 regem
