738 1221
120 56 154 73 1⁰8
303 63 371 75 Annius
381 63 504 75 ancenriuzxstn.

77 100 110 114 12³9
157 97 188 114 Hic
197 97 290 114 Fridericus
299 98 394 120 postposito
407 98 498 115 iuramento
508 97 553 119 quod
562 97 625 114 fecerat
633 97 693 114 luno-

118 123 172 139 centio
181 127 234 145 pape,
244 123 330 144 usurpavit
339 123 370 140 sihi
380 123 424 139 huna
434 122 517 145 ecclesie,
530 124 547 139 et
556 123 608 139 tenuit
617 127 638 139 ea
648 122 692 139 vior-

117 147 230 169 lenterusque
235 147 257 164 ad
262 151 321 169 papum
329 147 430 169 Gregoriurn,
438 152 448 164 a
454 152 487 169 quo
491 147 521 164 suit
526 147 691 169 excommunicatus,

118 172 149 189 sed
162 171 204 189 facin
217 172 338 194 compositione
351 172 439 189 absolutus
452 172 486 189 suit.
504 172 630 193 'transactoque
640 171 692 188 brevi

118 198 192 219 tempore
201 197 339 219 compositionem
349 196 418 214 violavit
426 196 523 219 usurpando
533 196 565 214 sibi
574 196 618 214 bonu
628 196 692 213 eccle-

118 222 151 244 sie,
162 223 179 238 et
188 222 240 238 tenuit
253 226 273 239 ea
285 221 367 238 violenter
376 226 430 243 usque
439 221 460 239 ad
469 223 538 239 mortem
547 221 616 238 Honorii
626 223 643 238 et
652 221 692 238 Ce-

117 246 174 263 lestini
183 250 226 268 pape
235 251 266 268 per
274 246 353 263 auxilium
363 247 423 263 civium
432 246 549 269 Romanorum,
559 246 587 268 qui
597 250 634 263 cum
644 250 692 263 con-

118 273 142 288 tra
151 270 267 293 Apostolioum
279 271 363 288 fovebant.
381 267 421 288 Cum
430 273 485 288 autem
494 271 537 288 infra
545 270 647 288 discordiam
656 270 692 287 ln-

118 296 208 313 nocentius
221 300 265 318 papa
278 298 348 317 quartus
362 296 426 312 electus
440 297 457 313 et
470 295 552 313 exultatus
565 295 634 317 ruisset,
644 296 661 312 et
672 295 692 312 in

118 320 159 337 urbe
168 320 219 337 Roma
229 325 262 337 non
271 322 332 342 pusset
340 321 419 337 resistere
429 320 522 343 Friderico,
534 320 618 337 transtulit
627 324 647 337 se
656 324 691 337 oo-

119 345 163 362 culte
176 346 192 362 in
206 345 288 362 civitatem
301 345 409 362 Jeuuensem.
425 345 480 362 Jnnuu
488 345 570 362 recedens
580 345 626 361 veuit
635 345 651 361 in
661 345 693 361 ci—

118 370 186 386 vitatem
202 369 338 391 Lugdunensem.
358 370 416 391 Ibique
429 370 526 387 convocatis
540 369 654 386 cardinalibus
672 371 692 386 et

118 394 174 411 multis
187 394 294 417 pontificibus
308 396 325 412 et
334 395 401 417 prelatis
410 395 519 412 ecclesiarum
529 394 594 417 prefixit
603 395 621 411 et
629 394 693 411 statuit

119 419 214 442 concilium7
227 421 244 436 et
256 420 313 436 citavit
324 419 433 442 Fridericum,
443 421 461 436 ut
470 420 486 436 in
497 419 568 436 concilio
578 421 691 441 compareret,

119 448 170 466 super
179 444 249 461 obiectis
258 449 313 461 coram
321 444 424 466 principibus
432 448 549 466 responsurus.
558 443 590 464 Qui
597 448 632 460 non
639 448 691 460 corn-

118 469 181 491 paruit,
191 469 223 486 sed
232 469 340 491 responsales
350 473 380 491 pro
390 473 408 485 se
418 469 508 486 transmisit
517 469 570 485 minus
578 468 691 485 sufficientes*

118 493 227 510 lnnocentius
237 495 292 510 autem
301 498 345 516 papa
354 493 439 511 celebrato
449 494 525 515 concilio,
535 493 646 510 mediantibus
655 497 691 515 pa-

119 517 194 535 triarchi's
203 518 292 535 Antiochie
301 520 318 535 et
327 518 441 540 Aquileiensi,
454 519 553 540 imperatore
564 518 690 535 Constantino-

118 543 194 565 politano
207 544 224 560 ct
232 543 288 560 multis
301 543 390 560 maioribus
400 543 480 565 ecclesie,
493 543 569 560 recitavit
581 542 655 564 dampna
670 544 692 559 et

119 568 225 590 gravamina,
238 572 320 584 excessus
334 568 414 590 plurimos
424 570 439 584 et
449 568 517 584 crimina
526 567 613 590 Friderici,
627 569 644 584 et
653 567 691 584 luta

119 593 202 609 sententia
216 593 364 610 excommunicavit
377 597 423 615 euin,
437 594 454 609 et
462 593 533 615 privavit
545 596 582 609 eurn
591 592 661 614 imperio
671 593 691 609 et

119 617 163 634 omni
172 617 240 634 honore,

155 642 241 664 Principes
254 647 294 659 vero
306 641 413 662 Alemannio,
427 642 491 659 scilieet
499 642 636 664 archiepiscopus
645 642 690 659 Μο-

119 667 199 688 guntinus
208 669 225 684 et
234 667 340 686 Coloniensis
350 669 366 684 ct
372 667 481 684 Trevcrensis
488 671 525 684 curn
532 667 592 684 ceteris
601 667 690 688 episcopis

118 691 237 713 Argeutinensi
250 691 323 708 Metensi
332 692 407 714 Spirensi
417 693 433 708 et
444 691 480 708 aliis
490 692 578 713 elegerunt
587 691 631 713 apud
641 691 689 708 Her—

119 716 185 738 bipolim
193 716 287 733 Heinricum
295 716 406 738 lantgravium
413 717 493 738 Turingie
503 717 519 733 in
529 721 590 738 reg-em.
599 716 689 733 Eteotione

119 745 159 757 vero
169 740 212 757 iacta
225 741 269 758 idem
279 746 307 758 rex
320 741 385 763 prefixit
394 741 497 763 principibus
506 741 567 758 curiam
577 740 689 763 sollempnem

119 765 163 787 apud
172 765 287 782 Franlteniurt.
300 765 340 782 Cum
349 768 404 782 autem
414 765 507 782 Fridericus
517 765 604 788 depositus
613 766 690 788 impera—

119 791 145 807 tor
154 790 203 807 filium
213 794 260 807 suum
270 790 362 807 Cunradum
372 795 429 812 regern
438 790 454 807 in
463 789 561 808 Alemanniu
574 790 648 812 haberet,
659 790 690 807 ille

120 816 180 832 curiam
193 815 272 837 prefixum
286 815 302 832 in
311 815 421 833 Frankenfurt
430 816 517 837 prevenire
527 816 596 838 cupiens
606 817 623 832 et
631 816 690 837 impe-

119 839 154 857 dire
164 840 228 862 volens,
237 840 306 861 collegit
315 844 393 862 magnum
402 840 498 863 exercitum,
508 842 525 857 et
533 840 579 857 venit
587 840 608 857 ad
618 844 689 862 campos

119 864 163 886 apud
175 864 288 881 Franlteusurt.
305 865 392 882 Heinrious
406 869 446 881 vero
456 869 493 887 rex,
507 865 535 887 qui
545 865 606 882 curiam
615 864 688 886 prefixit,

119 894 155 906 cum
165 890 249 911 episcopis
259 892 275 906 et
284 889 375 906 fautoribus
385 889 458 906 ecclesie
467 889 536 911 collegit
550 890 599 906 etiam
608 893 688 910 magnum

120 914 209 930 exercitum
222 916 238 931 ct
250 914 369 936 insequebatur
378 914 472 931 cunradum
483 918 541 935 regent
550 918 604 936 usque
614 913 635 930 ud
645 918 689 931 eus-

119 938 157 955 dem
169 943 243 960 campos,
257 939 314 960 ibique
327 938 371 955 iacta
380 940 406 955 est
415 943 471 961 pugna
481 941 498 955 et
510 939 590 956 maximus
599 938 688 955 conflictus

119 963 161 979 inter
173 963 258 985 predictos
271 963 314 980 duos
324 968 374 985 reges
383 964 400 980 in
413 963 456 980 sesto
466 963 510 980 beati
520 963 588 981 Osvaldi
603 962 650 986 [aug⁴
662 962 689 985 5].

119 987 140 1004 Et
149 987 191 1004 deus
199 987 245 1005 dedit
257 988 342 1005 victoriam
351 988 423 1005 ecclesie
432 990 449 1005 et
457 989 492 1010 regi
502 988 585 1005 Heinrico.
599 987 688 1005 Cunradus

119 1014 174 1029 antem
182 1017 211 1030 rex
218 1012 285 1034 fugiens
293 1013 364 1030 ammisit
373 1013 434 1030 multos
441 1013 501 1030 milites
508 1014 525 1030 et
533 1013 604 1030 maxima
612 1012 662 1035 bona,
671 1014 689 1029 et

119 1038 197 1059 imposuit
206 1037 275 1060 Suevis,
288 1038 316 1060 qui
325 1042 361 1055 curu
371 1042 392 1055 oo
401 1039 491 1059 venerant,
505 1039 521 1055 ct
530 1043 567 1055 cum
580 1038 622 1060 ipsis
631 1037 688 1054 multis

120 1062 186 1079 arnissis
201 1062 286 1085 fugeranty
303 1062 348 1084 quod
363 1063 395 1085 ipsi
413 1067 449 1079 euni
465 1062 553 1080 infideliter
569 1062 688 1085 prodidissent.
