738 1221
122 64 158 81 [⁸52
338 71 356 82 nx
367 70 415 82 'ruiana
427 70 478 82 wius»

83 107 115 121 ¹2⁵7
125 106 169 123 libus
177 110 267 123 marearum
276 105 360 127 snerling,
370 105 458 122 duodecim
469 104 535 122 solidos
544 109 574 127 pro
583 108 637 121 marca
646 108 689 126 qua-

122 131 164 148 libet
176 130 292 152 computando.
306 130 377 147 Cuilibet
390 131 482 147 ceterorum
494 129 587 151 principum
596 129 689 146 obtulerunt

123 155 236 172 tantummodo
246 156 284 172 octo
294 155 345 171 millia
354 159 444 172 marcarum
454 154 508 171 colon.
522 154 557 171 Nec
566 156 621 171 tamen
631 153 689 175 aliquis

123 181 196 202 ipsorum
210 181 243 197 tarn
256 179 337 196 modicum
350 179 450 201 dignabatur
461 179 557 201 admittere,
568 180 646 201 petentes
655 178 689 195 sin-

124 205 159 227 guli
171 204 259 222 duodecim
272 204 322 221 millia
335 206 384 226 prout
395 204 532 226 archiepiscopus
545 203 652 220 Coloniensis
661 207 689 220 ac-

124 230 176 252 cepit7
186 230 224 251 quia
234 233 253 246 se
262 229 329 246 viliores
338 233 373 246 non
382 229 485 251 reputabant.

161 254 225 271 Presixo
230 255 285 271 autem
290 253 317 270 die
322 254 421 271 electionem
427 253 498 271 faciendi
503 253 520 270 in
526 252 569 270 testo
575 253 630 270 saneti
635 252 688 269 l-lilarii

124 278 165 301 [ian
177 278 209 301 13]
219 278 263 300 apud
272 278 373 301 Franksortl7
385 278 424 295 loco
433 278 497 295 scilicet
505 278 605 295 electionem
618 276 688 295 faciendi

124 304 209 326 deputato,
218 305 333 320 convenerunt
344 303 378 320 dux
387 303 463 325 navarie,
474 303 612 325 archiepiscopus
622 302 689 319 colonie

124 328 239 351 personaliter,
249 328 385 350 archiepiscopus
394 328 482 349 Moguntie
492 332 521 350 per
526 329 651 350 procuratorem
659 327 690 344 ha-

124 353 190 370 bentem
199 352 285 370 sufficiens
290 352 349 370 manda
352 355 385 370 turn
391 355 407 370 et
414 353 487 374 eligendi
491 353 582 375 plenariam
587 353 690 375 potestatem.

124 378 172 395 Votis
182 378 238 399 itaque
245 377 350 395 concorditer
359 377 436 395 adunatis
444 377 630 395 duminnmRiclrardurn
639 376 689 393 comi-

124 404 156 420 tem
165 402 247 419 Cornubie
255 403 369 424 sollempniter
377 403 465 424 elegerunt
472 403 489 419 in
498 407 559 424 regem,
569 402 638 424 reliquis
648 405 690 423 qna-

124 429 161 444 tuor
169 432 203 444 non
212 427 366 450 consentientibus,
376 432 408 444 nco
418 429 472 444 tamen
481 427 560 449 impedire
569 426 670 443 valentibus.

161 452 245 469 Processu
256 456 323 474 quoque
338 452 417 474 temporis
429 452 565 474 archiepiscopus
575 450 689 472 Trevarensis,

124 477 172 494 solus
185 477 221 494 sine
231 478 323 494 ceterorum
332 481 427 498 consensu,
436 478 454 494 ut
464 477 551 494 electionis
562 476 649 498 negotium
657 476 688 492 im-

123 501 197 524 pediret,
209 506 264 523 eoque
273 501 318 523 quod
332 501 420 518 duodecim
430 501 479 518 millia
491 505 582 518 marcarum
593 505 628 517 non
639 500 690 522 potuit

124 526 199 543 obtinere
207 526 249 543 sieut
257 526 393 548 archiepiscopus
401 526 513 548 coloniensis,
523 530 580 547 regem
587 525 690 547 Hispanien*

124 555 160 568 sem
169 551 221 572 elegit
228 551 245 567 in
254 555 311 572 regem
322 551 442 573 Romanorum
451 551 549 573 promittens
558 555 580 567 ex
589 552 636 572 parte
647 549 690 571 regis

123 575 204 597 Hispanie
218 576 285 592 cuilibet
297 576 343 592 trium
355 576 447 598 principum
460 576 520 597 viginti
532 575 583 592 millia
595 578 690 596 marearum,

124 601 152 623 qui
160 600 251 618 cum‘nnllo
259 600 309 617 modo
318 600 399 617 volebant
407 600 424 617 in
436 601 472 617 eius
485 600 584 617 electionem
595 599 690 616 consentire

124 625 179 642 donec
188 625 209 642 de
222 626 304 647 premissa
313 626 384 647 pecunia
393 625 463 642 fecisset
474 625 499 642 eis
508 625 598 647 plenariam
611 624 689 641 satisfac-

124 650 191 667 tionem.
203 649 239 667 Rax
252 651 306 667 autem
318 649 399 672 Hispanie
412 651 429 667 in
443 651 476 667 tam
485 650 544 667 frivola
553 650 636 666 electione
645 653 690 671 spem

124 679 189 697 ponens
198 676 214 691 ei
223 674 300 691 fiduciam
305 687 310 697 ,
320 675 363 692 misit
372 674 474 696 sollempnes
484 674 552 691 nuntios
560 674 582 691 ad
590 674 653 691 curiam
660 673 690 690 do-

124 700 163 716 mini
172 703 215 721 papa
226 703 257 721 pro
266 700 335 721 negotio
345 701 437 721 pretaxato.
451 699 482 720 Qui
491 699 571 716 diutinam
580 699 597 716 in
607 699 653 716 curia
661 697 690 715 sed

124 724 198 741 inutilem
207 728 269 741 morani
278 724 369 746 facientes,
380 726 396 741 et
405 721 638 746 innumerabilemvpecn'niarn
648 727 689 740 eon-

125 750 219 770 sumentes‚
232 749 249 765 in
261 748 306 765 nullo
319 749 386 771 penitus
398 749 513 771 profecerunt5
527 749 555 771 qui
565 749 614 766 etiam
626 748 689 765 domum

125 773 190 790 confusi
200 775 217 790 et
226 773 275 790 vacni
285 775 396 791 recesserunt.

162 797 249 815 M.cc.l.vii.
257 798 349 815 Richardus
359 802 416 815 comes
427 798 546 815 cornubiensis
558 798 575 814 in
586 801 644 819 regern
657 796 689 814 Ro-

125 827 210 840 rnanorum
221 823 291 845 electus,
300 822 368 840 domino
377 823 503 845 archiepiscopo
512 822 614 844 Coloniensi,
624 822 689 839 domiuo

125 847 216 864 Laodiensi
228 848 317 870 episcopo,
331 847 397 864 domino
409 848 513 864 Traiectenst
525 848 614 869 episcopo,
624 846 689 864 domine

125 871 208 889 Florentio
217 873 276 889 comite
284 872 372 889 Hollandie
386 874 402 889 ct
415 872 452 889 aliis
461 872 585 894 quamplurimis
593 870 689 889 Alemannia

125 897 229 919 magnatibus
236 897 290 919 ipsum
295 901 364 919 querere
372 898 388 914 et
395 897 510 914 Alemanniam
516 896 599 914 deducere
607 896 688 913 venienti-

125 921 161 944 bus,
171 923 248 939 ascensis
257 922 328 939 navibus
336 921 380 944 apud
388 922 490 939 Yernemutli
496 921 588 943 penultimo
597 921 625 938 die
634 920 687 943 aprilis

125 951 225 969 prepropere
237 946 337 964 velificando
351 947 409 968 quinto
422 946 449 963 die
459 946 497 963 maii
509 950 546 963 eum
555 946 665 968 qnadraginta
674 946 689 961 et

126 972 164 988 octo
173 972 238 993 magnis
247 971 317 988 navibus
325 973 342 988 et
349 971 414 988 duabus
423 971 505 988 naviculis
511 971 590 993 applicuit
598 971 615 987 in
620 970 687 987 Bouan-

126 995 168 1012 diam
177 995 198 1012 ad
206 996 284 1018 oppidum
291 995 337 1018 quod
342 996 402 1013 dicitur
407 995 486 1013 [Jordrect
490 995 533 1013 infra
538 1000 607 1017 regnum
612 994 688 1012 Aramau-

126 1021 158 1037 nie.
167 1021 188 1037 Et
195 1021 211 1037 in
220 1020 263 1038 festu
271 1021 376 1037 ascensionis
384 1020 474 1043 dominice,
484 1020 529 1042 qnod
538 1025 559 1038 co
568 1024 613 1037 anno
620 1019 688 1040 contigit

125 1045 153 1062 xvi
161 1045 192 1062 kal.
201 1046 240 1062 iunii
251 1044 292 1067 [mai
302 1045 333 1068 17]
344 1050 380 1062 euni
392 1050 455 1062 summa
467 1045 590 1067 sollempnitate
601 1045 688 1062 coronatus

126 1070 236 1092 est,conrado
246 1070 373 1092 archiepiscopo
380 1070 477 1087 Coloniensi
484 1070 516 1087 sibi
524 1074 583 1087 manus
590 1069 687 1092 imponente,
