738 1221
123 67 159 85 384
311 74 330 86 rx
341 74 403 86 natutae
414 74 496 86 ιιοωιιιει.

81 112 114 126 1215
123 110 207 131 nonatum,
222 109 243 126 ab
253 108 315 126 Ottone
328 108 418 131 recedunt,
431 108 515 126 Friderico
527 108 636 131 adherentes5
652 114 689 127 curn

121 135 176 151 tamen
189 133 270 151 habereut
281 134 361 156 plurimos
375 135 407 150 tam
421 133 442 150 de
455 133 518 156 oppido
533 138 583 155 quarn
595 134 617 151 de
629 134 688 152 vicinis

121 158 162 176 locis
172 159 188 175 in
197 158 229 175 hoe
238 158 269 175 sibi
279 163 312 175 non
324 158 456 176 consentientes.
474 158 509 176 Nec
518 162 568 175 morai
585 158 636 175 Seras
646 163 690 181 quas

122 183 201 200 Amulius
211 183 262 200 iudex
267 183 284 200 in
291 183 343 205 portis
352 183 415 200 fecerat
423 183 507 204 frangunt,
512 184 529 200 et
537 188 574 200 eum
584 183 600 200 in
610 184 689 201 munitio-

122 212 159 225 nem
168 212 217 230 quam
230 208 277 225 iuxta
285 208 363 230 palatium
375 207 438 225 fecerat
449 207 543 230 impeliunt3
560 208 596 229 regi
605 207 689 226 Friderieo

122 233 196 250 scribunt
208 234 226 249 ut
237 233 294 249 veniat
302 232 378 255 pacifice,
390 232 428 254 quia
441 232 494 254 parati
503 234 542 249 sunt
555 236 592 249 eum
606 234 690 255 tamquam

122 257 205 274 dominum
214 257 306 279 suscipere.
320 257 382 279 Sicque
395 256 455 274 sactum
468 259 494 274 est
506 258 524 273 ut
535 256 619 278 predictus
631 257 690 275 Fride-

121 282 166 299 riuus
174 286 212 304 rex,
226 282 301 299 collectis
314 282 418 304 principibus
430 283 447 298 et
459 281 565 303 optimatibus
579 282 637 304 regni,
652 286 689 299 euni

122 311 182 328 magna
191 307 245 328 gloria
253 306 306 329 Aquis
315 307 380 324 veniret
388 307 405 323 in
414 306 472 328 vigilia
480 306 525 323 beati
533 306 593 324 ,iacobi
603 306 641 329 [iuli
651 306 690 330 24],

122 331 202 353 Sequenti
219 336 259 349 vero
272 331 300 348 die
313 331 329 348 in
345 331 417 348 ecelesia
430 331 479 348 beate
495 331 546 348 Marie
562 333 588 348 est
599 332 617 348 in
632 336 690 353 regem

122 357 232 374 consecratus
244 357 261 373 et
272 358 363 373 coronatus
373 356 413 373 etin
423 355 502 373 cathedra
511 356 562 377 regali
572 355 672 373 sublimatus
680 361 690 373 a

122 381 222 402 Moguntino
235 380 372 403 archiepiscope,
390 381 428 402 quia
441 380 547 398 Coloniensis
561 381 634 398 ecclesia
650 382 691 398 tunc

122 405 189 422 oarebat
197 410 229 423 suo
238 407 313 427 patrono.
330 405 365 422 Nec
376 409 427 422 mora.
440 405 481 422 Post
490 405 557 422 missam
570 405 613 422 idem
627 410 657 422 rex
670 410 691 423 ex

121 430 206 452 insperato
215 431 281 452 signum
290 430 356 447 vivifice
365 430 420 447 euscis
429 430 499 452 aeoepst,
509 431 525 447 et
534 434 592 447 omues
601 430 691 452 optimates

122 456 139 472 et
148 455 232 477 principes
246 455 293 476 regni
306 456 338 471 tam
347 459 377 477 per
389 459 408 471 se
422 459 471 476 quarn
482 459 512 476 per
524 454 648 477 predicatores,
663 455 691 477 qui

122 480 191 496 verbum
209 480 263 496 crucis
280 479 398 501 predicabant,
416 479 507 496 ammonuit
522 480 541 496 ut
555 479 599 496 idem
612 479 691 496 tacerent.

122 504 184 526 sicque
197 504 276 526 plurimos
292 504 313 521 ad
326 508 428 521 consensum
442 508 491 520 suum
504 504 589 521 convertit.
609 504 692 526 Sequenti

123 533 163 545 vero
173 528 208 551 die,
218 533 251 550 que
260 530 287 545 est
296 528 378 545 dominica
382 541 388 551 ‚
398 532 439 550 rege
448 533 458 545 a
466 528 519 550 primo
530 533 578 545 mane
586 533 641 550 usque
650 529 693 546 horn

123 557 168 570 nona
179 553 250 570 sedente
262 553 279 570 in
292 553 373 574 ecclesia,
386 553 499 576 predicatores
509 553 571 570 sortiter
579 553 643 570 instant
651 558 692 570 ver-

122 577 161 595 bnm
170 578 223 595 erucis
232 577 327 600 predicare,
342 578 401 600 sicque
413 577 459 594 multi
472 578 526 599 gratia
539 577 566 595 dei
577 579 616 595 sunt
628 578 692 599 signati

123 606 157 620 non
171 602 224 620 sulum
236 603 320 625 principes
331 603 362 623 sed
376 603 427 620 eciam
440 602 533 625 inferiores,
552 602 599 620 Fer-ia
608 602 692 625 secunda,

123 628 174 644 missa
183 627 286 645 sollemniter
299 627 392 650 celebrata,
404 627 443 644 item
456 632 486 644 rex
498 631 559 649 cerpus
573 627 617 644 beati
631 627 693 645 Carlo—

123 652 188 674 manni,
197 652 243 674 quod
251 656 292 669 avus
301 657 342 669 suus
351 652 445 669 Fridericus
457 652 546 674 imperator
559 652 580 669 de
589 654 632 669 terra
641 652 693 669 leva-

123 678 175 699 verat,
184 676 201 693 in
210 676 317 698 sarcofagum
326 677 452 699 nobilissimum,
462 676 507 698 quod
512 676 600 698 Aquenses
610 676 692 699 fecerant,

124 705 164 718 auro
177 703 248 723 argento
261 703 366 723 contextum,
380 701 438 724 reponi
448 700 495 723 fecit,
509 702 526 718 et
535 702 605 723 accepto
615 701 693 719 martello

123 725 235 747 depositoque
248 726 299 748 pallio
312 730 349 743 eum
361 726 423 743 artifioe
437 725 528 742 machinam
541 725 626 748 ascendit,
640 727 658 743 et
667 726 694 743 vi-

124 749 201 767 dentibus
213 751 278 767 cunotis
291 755 327 767 curn
340 751 420 772 magistro
432 750 490 767 olavus
501 750 563 767 infixos
575 750 612 767 vasi
625 750 694 767 firmiter

123 774 193 797 elausit;
202 775 281 797 reliquum
291 775 324 792 diei
332 775 441 797 predicationi
450 775 506 792 cessit.
522 775 584 792 Eadem
593 775 620 792 die
630 775 694 792 Muna-

124 800 210 816 steriensis
220 800 310 822 episcopus
320 799 341 817 ad
350 800 411 817 curiam
420 800 473 822 venit,
486 800 515 821 qui
528 799 556 816 diu
569 799 590 816 ab
599 799 664 817 Ottone
677 800 695 817 in

123 824 186 841 Werda
199 824 252 841 tuerat
264 824 348 842 detentus.
369 825 406 842 Fuit
418 825 475 846 itaque
489 824 559 841 celebris
574 823 628 846 Aquis
641 825 694 847 curin,

124 848 186 866 Ottune
195 849 250 866 adhue
256 849 340 866 residente
349 849 366 866 in
376 849 450 866 Colonia.
467 849 502 866 Neo
511 849 562 866 mum>
571 851 610 871 post
618 853 647 866 rex
656 849 694 866 Fri-

124 873 190 890 dericus
199 873 245 891 vadit
253 873 331 891 ansiarn
341 875 357 891 et
366 874 408 891 redit
416 873 507 891 Coloniam.
527 873 576 896 ono,
590 873 647 891 audito
655 874 694 890 erus

124 898 206 921 adventu,
219 903 238 915 se
248 898 324 915 transfert
335 899 352 915 in
362 898 462 921 Saxoninm,
471 898 567 915 licentiatus
578 902 588 915 a
599 897 694 915 Colonien-

125 923 176 940 sibus.
191 923 252 945 Sieque
259 923 351 940 Friden‘cus
360 925 386 940 est
392 924 409 940 in
419 923 489 940 Colonia
496 923 588 940 honorifice
597 927 607 940 a
614 923 694 945 pluribus

125 949 223 970 susceptus7
233 948 289 965 multis
301 948 329 970 qui
342 947 400 965 Ottonr'
411 947 515 965 adherebant
523 952 557 964 non
565 947 625 964 leviter
636 947 694 965 seren-

124 972 174 989 tibus.
188 972 280 990 Fridericus
293 972 380 990 Coloniam
393 973 453 994 exivit,
467 974 484 989 et
495 972 553 989 Mettis
565 972 620 994 venit,
633 976 694 994 pacem

124 997 167 1013 iuter
175 1001 206 1014 eos
214 1001 248 1014 non
259 998 295 1014 sine
305 997 377 1019 dampno
387 1002 443 1014 eurum
453 997 481 1019 qui
490 996 594 1014 dissidebant
602 996 647 1014 seuit
655 1010 660 1013 .
670 1009 676 1014 .

148 1036 153 1041 ,
161 1021 211 1038 Anno
217 1021 278 1038 domini
286 1022 371 1039 miec.x.vi.
377 1035 381 1039 .
390 1035 393 1038 .
402 1022 476 1044 Septimo
484 1022 516 1038 kal.
525 1021 591 1043 augusti
598 1021 640 1038 obiit
648 1026 695 1044 papa

125 1046 244 1068 Innocentius,
257 1047 282 1063 vir
298 1051 361 1064 summe
374 1047 459 1064 literature
473 1048 490 1063 et
503 1046 608 1068 eloquentie,
626 1046 651 1063 vir
665 1046 695 1063 alti

125 1070 181 1087 cordis
191 1072 207 1087 et
218 1071 275 1092 magni
284 1071 359 1094 oonsilst,
368 1072 396 1093 qui
407 1072 423 1088 in
436 1071 496 1088 diebus
507 1071 543 1088 suis
554 1070 633 1088 Ottonem
644 1070 695 1088 exal-
