738 1221
233 70 329 82 cunarum
338 62 436 82 nanninus.
582 64 618 81 255

57 106 119 128 matioe,
132 107 149 122 et
158 105 225 122 subtilia
234 105 335 127 aurifrigiata
347 104 397 122 valde
405 104 455 122 bona.
468 105 510 122 Item
519 105 551 123 due
560 106 618 123 casale

57 130 76 147 de
83 130 130 147 viridi
140 131 205 152 samito,
215 131 232 147 et
240 131 264 147 tot
272 130 360 147 dalmatico
369 131 386 147 et
395 130 462 147 subtilia
470 130 561 152 auriin'gita
569 130 619 148 valde

57 155 102 172 bena.
115 155 155 172 Item
165 155 198 172 due
207 155 265 172 casule
274 154 296 172 de
305 159 366 172 croceo
376 155 445 177 samito,
456 156 481 172 tot
489 154 586 178 dalmatica,
602 157 619 173 et

57 180 119 197 subtilia
131 179 181 197 valde
194 179 244 197 buna.
261 179 298 197 Una
313 180 356 197 inter
371 181 436 196 ceteras
452 181 487 196 erat
499 180 566 197 casulas
579 182 619 198 ante

56 209 116 227 paucos
128 204 165 222 dies
177 204 262 227 violacea,
275 204 314 221 latis
328 206 344 221 et
356 204 421 226 magnis
434 204 533 227 aurifrigiis,
542 204 594 226 longa
603 207 620 223 et

56 230 108 252 larga,
124 229 179 246 aureis
193 229 255 246 lunulis
268 231 286 246 et
298 229 382 246 sideribus
396 229 472 251 insertis;
485 234 518 251 que
530 230 571 247 tanti
584 232 620 247 erat

56 254 131 276 ponderis
147 255 215 276 propter
227 258 293 276 aurum,
306 255 324 271 ut
336 254 394 276 plicari
407 258 442 271 non
450 256 518 276 posset,
531 255 573 271 etin
582 256 619 277 ipsa

56 279 81 296 vix
88 279 150 301 aliquis
158 281 233 301 poterat,
242 278 275 296 nisi
283 278 333 296 valde
343 278 429 301 robustus7
438 278 495 296 diviua
503 279 583 301 mysteria
589 284 619 298 ce-

56 304 121 321 lebrare.
137 303 257 321 Vestiebantur
269 305 323 321 tamen
336 303 364 321 illa
376 303 465 326 pontifices
477 305 494 321 et
503 304 561 326 prelati
570 305 619 322 restis

56 329 136 351 precipuis
145 329 231 346 cantaturi.
244 328 279 346 Sed
290 330 330 350 post
338 329 443 350 evangelium
453 330 520 346 cantato
529 329 619 353 offertorio,

55 353 99 371 iactis
108 353 231 376 oblationibus,
240 353 285 370 illam
297 353 412 376 deponentes,
424 353 539 371 flexibiliorem
548 359 619 372 sumen-

55 380 86 401 tes,
95 379 112 395 in
122 378 152 396 iila
162 378 219 396 divina
228 378 337 401 perfecerunt.

89 403 129 420 Item
143 403 193 420 multe
206 403 262 420 tunice
275 402 379 420 diversorum
388 402 473 426 colorum,
486 403 565 421 videlicet
572 404 619 421 rubei

56 428 108 445 viridis
124 429 142 445 et
153 428 226 445 violacei
239 428 311 450 coloris,
323 427 415 450 virgulata,
428 428 492 450 crocei,
505 428 545 451 albi,
558 428 619 450 quibus

55 453 141 470 utebantur
148 453 219 470 ministri
228 453 302 470 altarium
314 454 331 470 et
339 452 401 474 acolyti
414 453 431 469 et
440 452 533 470 chrismatis
542 455 619 475 portato-

55 482 84 495 res.
96 478 116 495 In
125 477 168 495 albis
178 477 250 499 cingulis
259 477 371 494 humeralibus
378 477 427 494 stolis
434 478 452 494 et
460 478 521 495 ceteris
529 482 619 495 ornamen-

55 503 82 525 tis,
99 503 159 525 paucis
175 502 259 520 credenda
272 503 341 525 eopiosa
353 502 447 519 diversitas.
466 502 517 519 Erant
527 502 578 520 intuta
591 503 619 520 vel

55 527 103 544 thiara
115 527 209 545 octodecim
219 527 345 549 auriphrigiate‚
358 527 454 544 chirotheca
463 527 514 544 valde
522 527 576 550 boue,
589 532 618 545 se-

55 552 105 569 decim
116 552 173 569 annuli
182 552 288 574 pontificales
296 552 336 569 boni
344 553 361 569 et
369 552 434 574 magni,
447 551 468 569 dc
477 552 537 570 rubino
548 557 592 570 unus
602 554 619 570 et

55 577 134 599 impositis
142 577 180 594 aliis
188 577 258 598 gemmis
267 577 342 599 minutis,
352 576 374 593 de
382 576 471 598 smaragdo
482 581 535 599 unusy
545 577 566 594 de
578 582 619 600 sap-

55 602 98 624 phiro
106 606 160 624 unus,
172 601 194 619 de
203 602 269 624 topazio
279 606 328 619 unus.
341 601 400 619 Baculi
410 601 504 623 pastorales
518 601 552 619 duo
562 602 619 620 vestiti

55 628 127 649 argento.
140 627 199 648 Caliga
207 628 246 644 octo
254 629 271 644 et
279 628 304 644 tot
312 626 392 643 sandalia*
406 626 442 643 Hec
452 626 474 643 de
484 627 593 644 vestimentis.

88 651 137 669 Nunc
145 651 167 669 de
174 653 234 668 ornatu
241 653 258 668 et
266 651 345 668 thesauro
354 651 434 673 ecclesie,
444 653 460 668 et
466 652 520 673 primo
528 651 549 669 de
556 652 619 674 pertica

55 676 118 693 auditis.
126 676 167 693 Erat
174 677 237 698 pertica
246 678 326 698 argentea
334 680 409 693 concava
418 675 504 699 deaurata,
513 680 546 698 que
555 678 618 694 tantuin

54 701 137 723 precipuis
148 701 201 723 iestis,
208 702 227 718 ut
237 701 254 718 iu
267 701 356 723 passione,
365 702 474 723 pentecoste,
486 701 503 718 in
512 701 619 718 dedicatione

55 726 131 748 ecclesie,
136 726 153 743 in
163 725 206 743 sesto
211 726 277 748 patroni
284 726 354 748 gloriosi
361 725 464 743 contessoris
469 726 514 743 beati
522 726 594 749 Martini,
601 726 618 743 in

54 751 139 768 nativitate
147 750 244 773 Salvaton‘s,
254 752 292 768 ante
300 750 353 768 altare
361 750 477 772 dependebat;
486 751 503 768 in
510 755 543 773 qua
549 751 619 768 vascula

54 775 198 798 suspendebantur
205 775 277 797 quedam
285 775 359 792 eburnea
365 775 437 797 quedam
445 777 526 797 argentea
531 776 619 793 formarum

53 800 163 823 diversarum,
172 801 228 818 omnia
236 800 312 822 reliquiis
322 800 377 822 plena.
390 800 408 817 In
417 800 474 817 horum
482 801 555 817 omniurn
564 800 618 818 medin

54 824 126 847 fulgebat
131 825 231 847 smaragdus
239 829 334 847 suspensus
340 825 405 842 catenis
414 825 470 842 aureis
474 824 546 847 duabus,
553 825 618 842 babens

55 851 161 871 quantitatem
173 852 190 867 et
197 849 323 872 spissitudinem
332 849 395 867 dimidii
406 850 478 872 peponis
488 850 554 873 magni,
562 852 580 867 et
589 854 619 872 per

54 875 106 892 omnia
115 874 239 892 simulitudinem
246 874 312 892 liabens
321 874 397 897 peponis,
407 876 424 891 et
432 875 469 897 ipse
477 879 567 892 concavus.
576 875 619 892 Huic

55 899 118 917 solebat
125 904 169 922 aqua
177 899 242 917 infundi
251 904 288 917 oum
296 899 362 917 duobus
368 899 396 916 vel
403 899 454 916 tribus
463 899 548 922 pisciculis
556 900 619 922 parvis,

54 926 70 941 et
81 924 159 947 deposito
172 924 245 947 desuper
260 924 348 947 operculo,
365 928 402 941 cum
416 924 526 942 movebantur
537 925 618 948 pisciculi,

55 949 136 972 simplices
146 951 163 967 et
171 949 227 967 vetule
234 949 306 971 lapidem
314 949 371 966 vivere
380 949 487 966 affirmabant.

89 974 139 992 Erant
147 974 230 991 thuribula
239 974 297 991 decern
306 976 387 996 argentea
396 973 475 991 deaurata
478 987 483 996 ,
493 976 510 991 et
522 979 572 992 unum
585 979 618 992 au-

56 1003 98 1016 reum
114 999 180 1016 habens
193 999 227 1016 auri
239 1003 304 1016 marcas
314 1000 358 1022 tres,
372 1000 389 1016 et
399 1003 456 1016 acerra
472 999 554 1016 undecim.
574 999 619 1016 Inter

55 1027 95 1045 quas
105 1028 138 1041 una
147 1025 182 1041 erat
190 1023 211 1041 da
219 1023 276 1046 lapide
283 1024 349 1045 integro
360 1023 444 1045 onychino
454 1028 540 1046 concavo,
553 1024 618 1041 habens

55 1048 176 1066 similitudinem
187 1049 248 1066 vermis
256 1048 347 1071 horribilis,
356 1048 373 1066 id
386 1050 413 1065 est
423 1050 441 1066 ut
452 1048 529 1070 bulouis;
539 1049 618 1066 concavi-

55 1074 78 1090 tas
87 1074 123 1091 eius
130 1073 200 1096 patebat
207 1074 225 1091 in
232 1073 292 1096 dorso,
302 1073 330 1090 ubi
340 1075 357 1090 et
365 1073 437 1091 circulus
447 1075 539 1096 argenteus
548 1077 586 1091 cum
597 1073 618 1090 li-
