738 1221
239 69 326 81 pieton-u
336 69 454 81 wounrmrrsu.
599 62 635 79 2³3

67 104 103 121 lari.
115 103 148 121 Alii
160 108 201 121 voro
216 104 282 121 nobiles
295 105 311 121 et
322 104 391 121 officiati
404 108 424 121 ac
436 103 525 121 familiares
534 104 587 121 nostri
597 104 635 121 aliis

66 128 184 146 consimilibus
197 129 255 146 litteris
269 133 320 150 super
332 128 365 146 boo
379 128 460 146 consectis
476 133 509 146 uua
523 133 560 145 cum
576 129 636 150 sigillis

66 153 179 176 predictarum
193 154 277 171 civitatum
290 158 346 170 eorum
358 153 455 176 appendunt
468 154 522 175 sigilla
532 153 548 170 iu
558 154 636 170 testimo—

67 178 113 195 niuru
126 178 206 195 veritatis.
221 178 280 195 Actum
293 178 397 200 Worrnucie,
409 179 437 195 xvi
449 178 476 196 die
489 178 597 200 septembris,
609 178 636 195 in-

67 202 142 220 dictione
149 203 206 225 tercia,
216 208 261 220 anuo
266 203 328 220 domini
335 203 422 220 millesimo
429 207 454 220 cc.
461 203 574 225 sexagesimo.
583 202 636 224 Regni

66 232 108 245 vero
118 228 170 245 nostri
179 232 225 245 anno
234 229 298 250 quarto.

94 277 118 291 18.
129 276 196 292 Richnrd
211 276 295 292 romiseber
311 276 358 295 konig
378 275 464 295 versprlclrt
481 275 511 291 den
524 276 591 295 bllrgern
607 279 637 292 von

130 297 191 313 Worms
205 296 231 313 mr
244 297 273 312 deu
287 296 347 316 Philipp
361 300 391 312 vuu
407 296 491 312 llnbeufele
501 296 538 312 dus
549 296 599 312 dieser
610 296 638 312 auf

130 317 159 333 ulle
170 317 279 336 husgsehanen
290 321 344 336 wegeu
355 317 383 333 der
394 317 440 333 selide
449 317 525 333 zwischen
534 317 564 333 deu
569 321 637 336 genaun-

130 339 155 353 teu
167 338 233 357 bllrgeru
243 338 272 353 auf
281 338 308 354 der
319 338 363 353 einen
374 337 405 353 und
416 337 462 353 Jacob
473 341 507 353 vern
518 338 561 354 Steln
572 338 602 353 und
613 338 637 353 Sl-

131 362 166 374 iuou
182 362 211 374 vou
226 358 306 374 (luncheim
320 359 373 373 seiueu
387 358 492 377 burgmaunen
502 358 530 374 aul
540 358 567 374 der
578 358 637 374 andern

130 379 168 394 selle
184 379 212 395 auf
227 380 280 395 selueu
296 378 394 398 kliulgllcbeu
410 378 461 394 befebl
479 379 566 395 verzicbten
580 379 637 394 werde.

130 399 198 419 Worms‚
211 400 250 415 two
261 401 299 419 sept.
312 400 333 415 1⁶.

104 432 185 450 Ricardus
198 433 225 451 dei
238 434 295 455 gracia
306 433 417 450 Romunornm
429 438 463 455 rex,
473 438 539 455 semper
548 435 636 456 angustus,

66 458 152 475 universis
161 459 224 480 imperii
234 458 310 475 fidelibus
320 460 409 481 presentes
419 458 481 475 litteras
491 458 591 480 inspecturis
597 463 636 480 gru·-

66 483 111 500 ciam
120 488 166 500 sunm
176 484 193 500 et
201 488 250 500 orune
257 483 324 500 bonum.
333 483 399 500 Tenore
406 483 511 506 presencium
520 483 587 505 publice
596 487 636 505 pro-

67 509 149 525 testamur
161 509 177 525 el
190 508 300 530 promittimus
314 507 358 525 bona
372 507 404 525 lide
413 512 443 530 pro
453 507 514 525 dilecto
524 508 568 525 fideli
577 509 636 525 nostro

67 532 145 554 Philippo
155 532 176 550 de
186 532 280 555 Hoenvels,
290 532 336 555 qnod
345 533 382 554 ipse
392 533 436 550 omni
449 533 522 550 cautioni
531 532 637 550 fideiussorie

69 557 98 574 vel
110 557 138 574 alii
152 557 274 580 qualicunque,
291 558 382 574 occasione
396 557 480 574 discordie
497 562 530 579 que
543 557 638 574 vertebatur

67 582 113 599 inter
125 582 196 599 dilectos
209 582 267 599 fideles
279 584 346 599 nostros
355 583 402 599 cives
412 582 548 599 Wormacieuses
558 584 575 599 et
583 581 638 599 Jaco-

68 607 109 624 bum
117 606 138 624 de
150 606 214 629 Lapide
227 609 244 624 et
252 607 342 629 Symonern
352 607 373 624 de
383 607 479 630 Guntheiur,
492 607 552 624 milites
562 609 638 624 castren-

70 636 101 649 ses
110 631 149 649 dicti
157 632 238 655 Philippi,
248 634 265 649 et
274 637 330 649 eorum
342 632 442 654 complices,
455 636 465 649 a
474 631 522 649 dietis
531 632 596 649 civibus
606 632 637 648 sibi

69 656 114 673 lacte
124 657 160 674 sive
169 658 245 679 recepte,
258 657 279 674 ad
288 657 383 674 mandatum
395 658 469 674 nostrum
478 657 541 678 regium
550 657 637 674 renuntia-

69 681 95 698 bit
104 681 200 703 simpliciter
208 683 225 698 et
234 681 255 699 de
262 682 317 704 plano,
327 682 381 704 Super
388 686 421 704 qua
427 682 552 699 renuntiucione
560 681 637 698 facienda

69 706 133 723 eisdem
145 706 211 723 civibus
224 711 254 728 per
266 708 372 724 memoratum
381 706 473 728 Philippum
482 706 528 723 iuxta
536 706 637 728 promissio-

68 735 107 748 nem
116 733 190 748 nostram
199 731 274 748 dedimus
283 731 370 753 posuimus
378 733 394 748 et
403 731 490 748 statuimus
499 731 563 748 eisdem
572 731 637 748 civibus

69 755 179 773 fideiussores
192 755 264 773 dilectos
278 756 336 773 fideles
349 758 417 773 nostros
431 755 517 773 videlicet:
526 755 606 773 Wirieum
616 755 637 773 de

69 780 127 803 Dinia,
140 781 232 803 Philippum
244 780 265 798 de
277 780 385 798 Falkeustein
394 781 509 803 camerarium,
523 780 606 802 Sylridnm
616 780 637 798 de

69 805 136 828 Honeg,
146 805 248 823 Willelmum
256 805 355 823 advocatum
362 805 459 827 Aqneusem
468 807 484 822 et
489 805 508 822 Η,
513 805 575 822 dictum
580 805 637 822 Snelle

69 829 91 847 de
101 830 178 852 Sletstat,
188 830 259 848 dilectos
266 830 371 848 consiliarios
381 832 459 852 nostros;
469 830 496 847 tuli
505 830 602 847 conditione
611 830 637 846 vi-

69 854 139 877 delicet,
152 855 198 877 quod
211 855 225 872 si
237 855 310 877 predicta
324 855 425 872 renuntiatio
437 859 470 872 nou
484 855 519 877 liat,
532 856 550 872 ut
559 855 637 876 superins

69 881 97 896 est
105 884 212 902 expressum,
221 880 290 902 quilibet
298 880 409 902 predictorum
419 879 534 897 fideiussorum
544 884 594 896 unum
604 879 637 896 mi-

68 904 114 921 litem
126 909 156 927 pro
170 909 190 922 se
202 905 302 922 transmittet
315 905 435 927 Wormuoiam,
448 904 476 926 qui
486 904 546 921 exinde
557 908 590 921 uon
600 904 636 921 exi-

68 929 110 946 bunt
118 929 174 947 donec
182 930 295 947 renunciatum
304 929 353 947 suerit
366 934 416 952 super
425 929 469 946 dicta
478 929 562 946 discordia
571 929 636 946 cautio-

68 954 117 971 nibus
130 956 148 971 et
157 954 294 972 fideiussionibus
306 955 395 972 universis.
408 954 427 971 ln
436 954 483 971 cuius
493 954 516 971 rei
525 954 637 971 testimouium

68 981 157 1001 presentes
170 979 233 996 litteras
247 979 308 996 exinde
318 979 401 997 conscribi
411 980 427 996 et
436 979 491 1000 sigillo
501 979 593 996 maiestatis
603 983 637 996 no-

69 1005 102 1021 stre
114 1005 196 1021 iussimus
209 1004 310 1021 communiri.
325 1003 385 1021 Actum
398 1004 502 1026 Wormaoie,
514 1004 542 1020 xvi
555 1003 582 1020 die
596 1008 637 1025 sep-

68 1029 141 1051 tembris,
150 1028 241 1046 indictione
250 1029 272 1051 iii,
282 1033 326 1046 auno
336 1028 398 1046 domini
407 1033 452 1045 mcc.
459 1029 575 1051 sexagesimo,
589 1028 637 1050 regni

68 1058 107 1071 vero
117 1054 170 1071 nostri
179 1058 225 1071 anno
234 1054 297 1076 quarto.
