738 1221
127 63 163 80 456
339 70 358 81 :x
369 70 418 95 rno'iu
429 70 482 82 wrate-

86 106 120 120 1269
129 109 180 122 eusso
192 105 232 126 iugo
244 104 307 122 diutine
316 105 410 127 servitutis,
422 106 439 122 et
448 104 579 122 omnimodarum
587 109 692 122 remaner-

128 130 199 147 ciinouia
208 129 276 146 faciliori
285 130 338 152 pretio
348 129 467 147 vendebantur*

165 154 200 172 Rex
209 154 259 176 igitur
267 154 293 171 bis
302 156 319 171 et
330 154 367 171 aliis
380 154 428 176 regni
441 155 514 176 negotiis
527 158 557 176 pro
570 155 610 171 voto
619 152 625 163 ¹
634 153 691 176 dispu-

128 179 175 202 sitis,
186 179 227 196 illud
239 179 358 201 apostolicum:
371 179 429 196 melius
441 180 467 196 est
477 178 539 196 nubem
550 183 600 200 quam
610 179 637 195 uri
653 183 692 195 sana

128 205 183 221 mente
192 203 296 226 combibens
301 205 318 221 et
326 205 344 221 ut
352 204 414 225 regiam
423 203 507 221 condecet
515 204 619 221 maiestatem
627 203 691 220 lumbos

128 233 169 246 suos
178 228 260 245 eastitatis
269 228 324 246 balteo
333 230 434 251 coarctaret,
448 230 466 246 et
474 230 523 246 caute
532 228 637 250 prospiciens
650 228 693 250 quod

128 253 142 271 si
152 253 173 270 de
182 253 265 275 indigenis
274 253 321 275 regui
330 253 356 270 sui
365 253 397 270 sibi
406 253 504 275 copulasset
512 257 590 275 uxorem,
600 253 694 274 regnicola-

128 282 163 295 rum
172 282 240 295 suorum
249 278 315 295 animos
327 278 413 300 potissime
426 278 546 300 complacaret:
559 277 632 295 nobilem
642 282 694 299 quan-

129 302 166 320 dam
175 302 224 320 tiliam
233 303 320 320 clarissimi
328 303 358 320 viri
367 303 428 320 domini
436 303 534 320 Theudorici
544 302 565 320 de
572 300 693 325 Faikemontffl,

128 332 162 345 non
171 328 233 345 ambitu
243 327 317 350 dotalitii,
332 327 364 345 sed
372 328 508 350 incomparabilis
518 327 570 345 t'orme
577 328 631 350 ipsius
638 329 694 349 captus

127 352 213 374 illecebra,
222 352 249 370 xvi
254 353 285 370 kal.
290 353 323 369 iulii
328 351 371 375 [iun.
376 352 408 375 16]
414 353 478 370 scilieet
486 352 568 369 dominica
576 352 652 374 proxima
658 353 695 374 post

127 377 188 394 festum
197 377 251 394 sancti
260 377 335 394 Barnabe
348 377 420 399 apostoli
433 377 521 400 sollempni
529 377 561 394 sibi
573 377 658 394 connubio
667 381 695 394 co-

128 402 200 424 pulavit,
213 404 230 419 et
241 402 326 424 imperiale
335 402 414 424 palatium
423 407 471 419 suum
479 402 501 419 de
509 402 561 419 Latro
570 401 616 424 quod
626 401 695 419 diversis

128 427 146 444 in
154 427 212 448 regnis
221 427 361 449 comparationem
374 427 448 449 recipere
460 426 566 449 dedignatur,
580 426 650 449 nuptiali
660 426 696 443 sol-

128 451 233 474 lempuitate,
243 452 340 469 convocatis
349 451 410 468 ibidem
419 456 452 469 non
461 452 520 473 paucis
529 451 616 468 Germauie
625 455 695 473 ruagna-

128 476 182 499 tibus,
193 476 291 493 illustrabat.
307 476 398 498 Statimque
408 481 451 493 nove
460 478 511 498 nupte
520 475 571 493 decor
579 476 664 497 ingenuus
673 476 696 493 sic

129 501 172 522 regii
184 501 240 518 cordis
256 501 312 518 intima
326 501 443 523 transfigebat,
460 502 479 518 ut
490 505 523 518 nee
536 505 573 518 eam
585 501 636 518 unica
648 502 695 518 nocte

129 526 244 547 cuiuscunque
257 526 326 542 rationis
339 527 416 548 pretextu
429 530 438 542 a
451 530 482 543 suo
491 526 594 548 permitteret
606 525 659 543 latere
668 529 695 542 se-

128 550 188 572 parari.
205 550 280 567 Evolutis
294 555 362 572 quoque
376 555 410 567 non
423 550 478 568 inultis
491 550 551 567 diebus
565 550 608 567 idern
620 555 651 567 rex
662 554 694 567 non

129 575 182 592 solum
191 575 251 592 natalis
261 575 293 592 soli
302 576 320 592 ut
328 575 403 603 plerique
411 575 477 592 illectus
487 574 585 597 dulcedine,
597 574 630 592 sed
639 576 657 592 ut
665 579 695 592 au-

128 601 179 621 guste
188 604 229 622 sue,
241 600 258 617 in
267 604 299 622 qua
309 600 342 617 sibi
351 600 367 617 ni
377 599 425 617 fallor
433 600 455 617 ita
464 600 572 622 complacuit,
582 599 629 622 quod
638 604 667 622 pro
675 604 694 617 ea

128 624 249 647 complacantia
260 624 299 641 nihil
307 624 339 642 sibi
348 625 400 642 videri
408 626 468 647 posset
478 625 590 647 laboriosum,
602 624 694 647 prediorum

129 651 145 666 et
158 650 287 671 possessionum
296 652 371 671 suarum,
384 649 444 671 quibus
458 650 475 666 in
488 649 550 670 Anglia
563 649 694 671 multiplurirnum

129 674 230 696 abundabat,
242 674 311 696 gloriam
327 676 344 691 et
357 674 496 696 magnificentiam
513 674 620 696 ostenderet,
638 678 694 691 versus
718 690 720 692 ,

129 698 171 716 fines
180 698 243 720 Anglie
256 700 301 716 recto
308 699 377 716 ,tramite
390 699 505 721 festinansque
514 699 603 720 gressibus
611 698 694 721 procede-

129 723 162 745 bat,
172 725 189 740 et
197 724 213 740 iii
223 728 262 741 non.
271 724 337 745 augusti
348 723 395 746 [nug.
405 723 435 746 ³],
451 724 484 741 iam
496 725 555 745 quarta
563 724 599 740 vice
611 725 653 745 post
664 727 694 740 co-

129 748 232 765 ronationem
246 752 302 770 suam,
316 748 395 770 applicuit
408 748 474 770 Dovor,
487 748 604 765 occurentibus
617 748 650 765 sibi
663 752 694 765 non

129 772 187 794 paucis
196 773 244 794 regni
254 773 366 795 magnatibus,
376 777 445 795 quorum
454 773 524 795 singuli,
538 774 587 795 prout
596 772 660 795 decuit,
669 777 694 789 re<

129 801 167 819 gem
177 799 194 814 et
202 798 277 819 reginam
288 802 318 820 pro
327 802 393 815 suarum
402 798 514 820 possibilitate
523 798 580 815 virium
590 798 695 819 singulariter

128 822 238 840 honorabant.

166 847 258 864 M.cc.lxx.i.
272 847 325 864 Pridie
338 847 376 864 idus
388 847 481 864 decembris
494 847 559 864 scilicet
570 847 597 864 die
606 847 671 866 sabbati
679 847 694 863 ιἰι

129 871 187 893 vigilia
196 873 254 889 sancte
262 871 314 889 Lucie
326 872 396 893 virginis
410 871 456 894 [dec.
467 871 499 894 ¹2]
512 871 603 889 Richardus
612 871 694 889 Romano-

129 901 163 913 rum
176 901 205 913 rex
217 896 285 914 illustris
297 896 342 919 apud
351 894 484 914 Berkamstede³
497 896 554 914 sedem
567 896 599 914 sibi
611 896 651 914 fecit
659 901 693 913 ruu-

129 921 170 943 niri,
183 923 233 938 nocte
243 923 324 943 sequente
333 922 397 938 invasit
405 926 442 939 euru
453 922 535 944 paralysis
545 922 651 944 acutissima,
664 925 693 943 qua

129 946 204 968 protinus
217 946 314 968 ingruente,
328 946 349 963 ad
362 948 423 963 motum
435 946 543 964 membrorum
552 947 604 968 partis
613 946 670 963 dextre
679 946 693 962 ct

129 970 150 987 ad
164 975 211 988 usum
225 971 282 992 lingue
294 973 311 988 et
320 971 451 988 ratiocinationis
464 976 508 993 pene
518 971 570 988 factus
579 972 606 988 est
614 970 692 988 inhabilis.

129 995 150 1012 Et
159 995 183 1012 sic
192 995 290 1017 egritudinis
299 995 405 1013 incommodo
417 996 514 1018 prevalente
526 996 640 1017 languescens
652 999 693 1012 inor-

129 1020 150 1037 tis
160 1020 255 1042 terminum,
269 1025 301 1042 que
311 1021 351 1037 nulli
362 1025 431 1043 parcere
445 1021 542 1043 consuevit,
553 1020 692 1038 inconsolabiliter

148 1056 163 1072 ¹)
172 1059 199 1075 pru
209 1055 259 1069 devoro
271 1055 309 1069 Gale
327 1056 343 1071 2]
353 1056 444 1070 Falkemnriie
454 1056 492 1070 Gale
503 1056 557 1070 Beatrix
569 1060 597 1070 von
610 1054 693 1069 sarrensem

130 1072 147 1086 ist
156 1076 200 1090 gemel
201 1075 219 1086 ιιι
238 1073 254 1089 3)
263 1072 298 1090 apud
308 1073 367 1087 Kartum
377 1073 422 1087 sedern
431 1077 443 1087 ei
439 1073 457 1087 ibi
466 1073 505 1087 Gale.
