738 1221
132 63 167 82 286
312 70 373 83 motor
384 70 417 82 cn.
427 70 460 82 m.
470 70 520 82 eoror-

168 105 224 123 xxviii.
238 105 318 123 Warinus
339 105 371 122 sub
386 104 448 122 Ottone
462 104 538 122 secundo
553 105 597 122 sedit
612 105 660 123 annis
674 106 694 123 ix.

132 130 164 149 llic
178 130 306 148 'trevirensibus
322 130 418 152 petentibus
428 128 497 152 'partem
516 129 572 147 baculi
589 130 642 147 saneti
655 130 696 148 Petri

132 155 208 173 reddidit,

169 180 231 197 xxviiii.
240 179 353 202 avergam-rs,
363 179 384 197 de
393 184 427 201 quo
435 179 495 196 dieitur
503 179 549 201 quod
556 179 647 202 predictum
656 179 695 196 Wa-

133 205 186 222 rinum
194 205 249 222 vivum
263 205 329 227 sepeliri
340 204 384 221 feeit.
400 204 497 221 Laborabat
508 204 551 221 enirn
562 204 641 222 Warinus
652 204 695 221 infir—

134 230 190 247 mitate
201 230 272 252 capim,
286 230 309 246 ita
320 230 339 246 ut
349 229 432 251 aliquibus
444 229 503 246 diebus
517 229 554 246 sine
566 234 619 246 sensu
632 229 696 246 iaceret.

133 254 171 275 Quo
180 254 225 272 facto
233 254 301 272 Romam
310 254 387 276 penitens
397 254 481 276 pervenit,
487 254 533 276 quod
545 256 603 275 egerat
609 254 696 271 consessus

134 281 170 302 est,
176 281 195 297 et
204 284 248 302 papa
257 284 287 301 pre
295 279 398 296 correctione
409 279 425 296 ei
432 279 512 300 iniunxit,
523 279 538 296 si
547 283 635 301 quemnam
644 291 696 296 .....

133 304 233 322 labefactum
240 305 298 327 sciret,
308 304 351 321 datis
361 303 441 321 subsidiis
451 303 537 321 relevaret.
550 303 635 321 Reversus
645 308 695 321 eeno-

134 330 179 347 bium
187 329 241 347 saneti
249 329 315 346 Martini
325 329 343 346 in
351 329 422 346 Colonia
431 328 533 351 melioravit,
545 328 603 346 statres
609 329 649 346 illuc
658 328 696 346 adu-

135 355 189 377 navit,
198 355 216 372 et
223 367 227 371 .
234 367 238 371 Α
245 367 249 371 .
258 354 275 371 in
282 355 381 376 perpetuum
390 353 460 371 tradidi!-
473 353 494 371 Et
503 354 535 371 iste
543 353 575 371 suh
582 353 645 371 Ottoue
653 354 697 371 tertio

135 379 180 397 sedit
189 379 238 396 annis
246 383 273 396 xv.
286 379 305 396 In
315 378 365 396 domu
374 378 427 396 saneti
435 378 478 396 Petri
489 378 565 401 sepultus
576 380 607 396 est.

172 408 211 421 xxx.
223 404 295 421 Sanetus
308 403 405 421 Herihertus
423 403 551 421 sub‘Heinrico
567 403 644 421 secundo
657 402 697 421 sedit

136 429 184 447 annis
196 429 228 446 xxi.
248 429 282 446 Iste
292 428 378 446 basilicam
387 428 440 445 Tuicii
453 428 470 445 in
487 428 567 446 honorem
580 430 639 446 sancte
650 428 697 445 Marie

135 454 212 476 instituit,
223 453 280 476 ibique
291 453 367 476 sepultus
375 455 402 471 est
406 466 411 476 7
422 454 438 470 et
445 453 501 470 multis
511 453 570 471 enituit
577 453 665 471 miraculis.

172 479 217 496 xxxi.
226 478 313 496 Sucoessit
323 478 421 500 Peiegrinus
428 478 460 495 sub
471 478 570 500 imperatore
581 478 659 495 Conrado
670 481 697 495 se-

136 503 197 521 eundo.
210 502 257 520 Sedit
267 503 316 520 annis
323 516 328 521 .
334 516 338 520 .
347 516 351 520 .
362 503 394 520 llio
401 503 519 520 monasterium
527 503 545 520 in
553 503 625 520 Colonia
634 504 698 520 saneto-

136 533 171 546 rum
179 527 299 550 Apostolorum
306 528 403 551 construxit,
411 528 427 545 in
435 532 468 550 quo
478 529 495 545 et
503 528 583 550 qiuesoi23
592 530 609 545 et
616 527 699 545 sufficien-

136 553 176 571 tiam
184 553 302 570 canonicorum
312 552 396 570 adunavit.

173 578 223 595 xxxii.
232 577 346 600 Hermannus,
359 582 409 600 quem
417 577 489 595 nobilem
502 579 572 600 vocant,
580 577 612 595 sub
624 576 698 594 Heinrico

136 603 235 626 imperatore
247 603 295 620 tertio
306 602 349 620 sedit
358 603 407 620 anm‘s
420 607 447 620 xx.
459 602 477 620 In
490 602 539 620 domo
552 603 606 620 sancti
618 602 661 620 Petri
673 605 698 619 sa<

123 642 125 644 ,
136 628 193 651 pullus
202 629 232 645 est.

174 653 225 670 xxxiii
239 652 299 675 Anno,
315 652 347 670 flos
364 654 381 670 et
396 657 441 670 nova
453 652 482 670 lux
499 652 586 670 Germanie
600 652 659 674 totius,
675 650 699 672 qui

138 679 209 695 cunotos
223 679 341 695 antecessores
357 682 399 695 suos
413 678 430 694 in
446 678 582 699 augmentatione
598 676 699 694 coloniensis

138 703 210 720 ecclesie
221 703 308 725 precessit.
324 702 368 720 Ante
382 702 497 725 episcopatum
509 702 604 725 prepositus
617 702 635 719 in
644 701 700 719 Goslar.

138 727 157 744 ln
165 727 199 744 vita
208 731 238 744 sua
251 727 290 744 fecit
301 727 413 749 monasteria,
423 729 439 744 et
451 727 468 744 in
480 729 532 744 morte
545 731 575 744 sua
589 728 667 749 operatus
677 726 700 742 est

138 751 224 769 mirabilia.
236 751 285 769 Unde
296 753 313 769 et
322 752 339 769 in
351 752 395 769 omni
404 756 432 769 ore
443 752 492 774 quasi
502 752 534 769 mel
545 751 658 769 indulcabitur
667 751 699 768 eius

139 776 222 794 memoria.
235 777 291 794 Preter
297 776 423 794 innumerabilia
429 776 512 794 beneficia
520 781 553 798 qne
563 776 651 799 episcopio
661 779 699 793 con-

139 802 184 824 tulit,
201 803 257 824 preter
268 801 325 824 plures
337 801 418 819 eeclesias
432 806 474 823 quas
491 801 508 818 in
520 801 591 819 diversis
605 801 648 819 loeis
662 804 699 817 eon-

139 827 207 849 struxit,
218 828 273 849 preter
283 826 328 849 quod
338 826 399 843 nullam
410 826 558 848 congregationem
569 826 586 843 in
598 825 661 843 diocesi
672 828 699 842 sm

140 851 206 874 dimisit,
215 851 353 873 quemadmodum
362 851 440 868 dominus
448 851 510 873 Bruno,
518 851 545 873 qui
552 855 603 873 supra
610 851 699 868 nominatus

140 878 175 899 est,
194 876 279 898 ampliavit
291 876 365 898 quinque
380 876 532 898 congregationes,
554 876 634 893 videlieet
648 875 699 892 saum

140 901 193 919 Mario
204 900 226 918 ad
234 900 305 919 Gredum
320 903 337 918 et
348 901 402 918 sancti
412 900 487 922 Gregorii
496 901 588 918 canonicos
599 900 700 918 ecclesiaram

140 926 158 943 in
172 927 227 943 monte
237 926 305 948 Syberg
319 928 336 943 et
349 925 455 948 Graschaph,
470 926 588 943 monachorum
602 924 700 943 monasteria

141 948 182 968 item
197 955 247 968 unum
260 951 378 968 monasterium
389 951 405 967 ln
415 950 490 968 Salavelt
499 951 570 968 instituit
580 950 675 972 magnifiee,
686 949 700 965 et

142 975 220 993 alludium
228 975 273 997 qued
279 976 352 995 Salavelt
361 975 420 992 dieitur
428 976 515 997 episcopio
523 975 588 992 adiecit.
601 973 699 997 Supersede-

142 1004 179 1017 mus
186 999 207 1017 de
218 1004 239 1017 eo
249 1001 316 1022 singula
323 1000 386 1023 dicere,
394 1000 472 1022 quoniam
481 1000 530 1017 etiam
539 1000 554 1017 si
562 1004 594 1017 nos
602 1000 699 1019 tacuerimus

142 1025 196 1047 ipsius
207 1029 258 1047 opera
269 1025 368 1042 clamabunt.
386 1025 447 1042 Floruit
459 1025 560 1047 temporibus
568 1024 641 1042 Heinrici
653 1022 699 1046 quarti

143 1050 215 1071 augusti.
228 1049 275 1067 Sedit
283 1050 300 1067 iu
311 1050 411 1073 episcopatu
419 1050 468 1067 aunis
475 1055 503 1072 xx,
511 1051 528 1067 et
535 1050 610 1072 sepultus
619 1049 667 1067 estin
675 1051 700 1065 ce-

143 1074 194 1092 nobio
204 1079 236 1092 suo
247 1074 322 1098 Syberg,
332 1075 360 1092 ubi
371 1075 388 1092 in
398 1075 454 1092 multis
462 1075 514 1092 claret
521 1074 609 1092 miraculis.
