738 1221
135 64 171 82 340
313 71 333 83 ιι
343 71 426 83 contr-sno
436 71 525 83 commum.

93 110 126 124 ¹20⁵
136 110 189 128 copus
195 107 212 123 et
219 106 345 123 Cameracensis
350 106 420 123 antistes
425 110 435 123 a
440 106 482 123 sede
490 106 584 129 apostoliea
589 106 652 124 iudices
657 111 698 124 con-

133 131 185 148 stituti
195 130 281 148 Coloniam
290 133 381 153 venerunt,
394 132 411 148 et
417 131 434 148 in
442 131 515 148 ecclesia
523 131 568 148 beati
575 131 617 149 Petri
625 132 697 154 apostoli

133 160 188 173 coram
193 155 238 172 clero
243 157 260 172 et
264 156 343 173 universo
348 156 411 178 populo
415 155 493 173 Adolfnm
499 156 597 178 episcopum
601 160 697 173 excommu-

133 181 205 197 nicatum
213 185 222 197 a
231 185 275 202 papa
285 181 440 203 pronunciaverunt,
449 182 466 197 et
473 185 503 203 per
511 185 569 198 omncs
577 181 697 198 conventuales

133 205 214 222 ecelesias
224 206 240 222 et
249 205 345 227 parrochias
353 205 430 227 civitatis,
439 207 456 222 ut
462 210 492 227 per
502 206 580 227 singulos
589 205 696 223 dominicales

133 231 150 247 et
157 234 215 247 sacros
223 229 260 247 dics
267 230 442 252 excommunicaretur,
449 232 565 252 preceperunt.
574 230 610 248 Hoc
620 231 672 247 eciam
680 231 696 247 in

133 254 210 272 mandato
220 254 307 277 habentes,
316 256 333 271 ut
341 255 356 271 si
365 254 407 272 inira
414 259 488 272 mensem
498 257 537 277 post
546 255 696 272 denominationem

133 279 165 296 sibi
170 279 229 296 factam
234 278 302 296 Romam
309 279 329 296 ad
334 279 465 296 satisfactionem
474 284 493 296 se
503 284 536 297 non
546 279 635 302 conferret,
642 280 696 297 officio

133 306 150 321 et
159 304 202 321 omni
212 304 294 321 beneficio
303 304 421 321 destitueretur
434 306 451 321 et
460 305 503 321 alius
512 305 574 326 dignus
585 305 603 322 in
612 305 651 322 loco
660 305 695 322 eius

133 329 266 346 constitueretur.
272 329 346 346 Castrum
351 328 426 346 Hostade
435 333 445 346 a
452 334 492 351 rega
498 328 559 347 Ottone
567 331 584 347 et
589 329 696 347 Coloniensi-

133 354 164 371 bus
173 353 265 376 obsidetur,
274 353 304 371 sed
313 354 401 371 ohsidibus
411 354 455 371 datis
464 355 543 371 intactum
552 353 667 376 relinquitur&

170 378 251 396 Peridem
263 381 328 401 tempus
338 379 424 401 Philippus
435 383 464 396 rex
477 379 521 396 circa
533 381 645 401 pentecosten
657 378 697 402 [mai

133 402 165 426 29]
173 403 256 420 celebrem
265 404 326 420 curiam
335 403 383 425 Spire
393 403 459 426 habuit,
472 403 500 420 uhi
508 403 578 421 Adortus
587 404 669 426 epicopus
677 403 697 421 de

133 428 262 446 coloniensibus
274 428 394 450 querimoniam
406 428 450 445 iacit.
467 428 490 445 Ibi
501 428 585 451 Philippus
597 433 626 446 rex
637 428 697 446 iudicio

131 453 232 476 principum,
243 452 305 470 Adoiso
316 453 369 470 eciam
378 457 414 470 curn
422 453 458 470 suis
466 453 568 475 sequacibus
582 458 619 470 eum
627 455 696 475 rogante

132 479 149 494 et
161 478 261 499 instigante,
277 477 401 500 expeditionem
412 478 482 495 Colonie
495 478 572 495 omnibus
588 479 615 500 qui
628 478 697 495 aderant

132 502 233 524 principibus
249 502 310 519 indicit.
329 502 363 520 Sed
374 502 434 519 eodem
442 503 459 519 in
469 503 562 525 pertinacia
573 507 604 520 sua
614 507 697 525 perseve-

132 528 187 549 rante,
201 531 257 549 neque
269 527 289 544 de
302 528 474 544 excommunicatione
482 528 509 544 vel
522 527 599 545 mandato
610 532 655 550 pape
667 532 697 544 cu-

132 553 184 574 rante,
195 551 254 574 prefati
261 552 334 574 iudices7
343 554 437 569 convocato
445 552 523 569 universo
533 552 577 569 clero
584 554 602 569 et
608 552 673 574 populo
681 552 696 569 in

132 575 159 593 dio
173 578 268 594 sanctorum
282 578 370 598 martyrum
383 577 458 594 Gervaeii
475 578 492 594 et
502 577 592 599 Prothasii‚
606 576 651 599 [iuni
665 576 695 599 19]

132 605 186 618 eoram
195 601 272 619 omnihus
283 602 300 618 in
308 602 365 619 maiori
377 602 457 624 ecclesia,
472 604 550 624 presente
561 601 623 619 Ottone
632 606 673 623 rege
681 603 697 619 el

132 626 169 643 aliis
179 626 262 643 nobilibus
271 627 319 649 viris,
327 627 348 643 ab
358 626 414 644 officio
425 628 442 644 et
449 626 531 648 dignitate
542 626 635 649 pontificali
644 627 696 649 depo-

132 653 208 673 suerunt,
218 653 234 668 et
242 653 260 668 ut
266 651 315 668 alium
323 652 421 674 episcopum
433 651 514 673 eligerent
522 652 614 673 apostolica
623 651 696 669 anctori-

131 677 165 693 tate
182 678 298 698 precepcrunl.
322 676 350 693 Sic
363 681 384 693 eo
401 676 479 698 deposito
492 676 583 693 secundum
596 676 696 693 sententiam

131 701 190 717 summi
199 701 291 723 pontificis,
300 701 356 718 Bruno
364 701 459 718 Bunnensis
469 701 564 723 prepositus
572 701 590 718 in
598 701 696 723 episcopum

132 725 203 746 eligitur>
221 725 270 742 Unde
284 730 321 742 mox
332 730 362 748 per
372 727 423 743 totuin
434 727 549 748 episcopatum
561 730 615 743 werre
627 726 696 748 plurime

132 751 149 766 et
157 754 219 771 graves
227 754 257 772 per
265 750 356 772 episcopos
366 752 383 769 et
393 755 448 767 eornm
458 751 547 773 complices
555 751 633 767 oriuntur.
648 750 696 767 Fiunt

131 774 209 791 incendia
218 774 287 797 ubique,
300 775 384 797 predones
395 777 482 797 emergunt
492 775 575 797 undique,
587 775 631 792 bena
640 775 696 792 eccle-

131 799 192 816 siarum
200 800 293 822 rapiuntur,
307 801 362 817 curtes
375 804 430 817 earum
441 801 458 816 et
465 800 504 817 ville
517 800 644 822 comburuntur,
657 799 697 817 fiunt

130 823 260 846 depredationes
269 829 359 846 pauperum
370 826 387 841 et
394 824 519 847 oppidanorum,
529 825 662 847 exspoliationes
671 824 695 841 vi-

131 848 200 866 duarum
212 851 229 866 et
241 849 345 871 pupillorum.
362 849 425 866 Civitas
437 849 489 866 eciam
504 849 525 866 ah
540 849 610 866 inimicis
623 849 696 871 undique

130 873 206 896 vallatur,
214 874 254 891 nulli
262 874 325 896 ingredi
334 874 361 890 vel
373 874 430 896 egredi
439 874 491 891 libere
499 874 600 891 conceditur⁴
607 874 695 891 Tuiciensc

130 900 202 915 oestrum
216 899 293 921 stipatum
307 899 399 920 sagittariis
412 900 429 916 ct
440 898 517 916 militibus
530 899 595 916 comitis
606 898 663 916 Adolii
676 898 696 915 de

130 922 188 940 Monte
197 924 213 940 ei
221 924 309 946 opponitur
320 925 336 941 et
346 923 449 941 adversatur.
462 923 529 941 Rhenus
538 924 614 946 superius
627 925 644 940 et
651 923 694 940 inse-

131 947 172 970 rins,
183 952 204 965 ne
212 948 290 965 victualia
298 948 325 965 vel
333 949 437 966 mercimonia
447 953 476 970 per
484 953 536 966 naves
543 948 639 970 inserantur,
649 948 695 965 clau—

130 971 177 989 dilnr.
187 972 215 989 Sie
221 973 278 995 itaque
286 973 332 990 cives
341 973 414 995 undique
422 973 475 996 artati,
484 975 501 990 et
509 974 579 990 maxime
585 977 615 995 per
625 974 694 990 castrum

130 997 173 1019 ipsis
181 998 280 1019 oppositum.
298 997 383 1019 Sagittarii
394 998 437 1015 enim
450 998 467 1015 in
483 997 533 1015 domo
546 998 615 1020 predicti
631 997 694 1015 comitis

130 1021 185 1039 Adolli
194 1023 287 1044 constituti,
296 1027 333 1040 cum
341 1023 399 1045 sepius
407 1023 473 1045 sagittis
482 1023 518 1040 suis
527 1027 557 1040 eos
566 1023 668 1045 impeterent‚
679 1024 693 1038 ei

130 1046 218 1063 maledicta
232 1048 249 1064 et
261 1047 336 1064 convicia
350 1048 419 1069 plurima
431 1047 531 1070 proferrent,
550 1052 602 1065 naves
616 1047 693 1064 maximas

148 1074 162 1090 1)
172 1073 322 1092 ciuium-numnam·
329 1075 347 1088 in
354 1076 415 1093 spam-
420 1074 499 1088 miazusm
506 1075 530 1088 aer
537 1074 649 1093 nr-pranguurm
656 1073 694 1087 ama.
