738 1221
116 58 152 75 254
295 64 392 77 cnarsmnus
403 65 499 77 naeuus-inus.

115 99 199 118 evadendi
209 100 284 122 pericula
296 99 323 117 vel
335 99 404 117 vitandi*
421 99 470 120 Quod
479 100 495 117 si
504 104 538 117 non
547 100 569 117 sit
573 113 578 123 ,
590 101 649 118 saltem
658 101 683 118 le-

115 125 194 147 gentibus
206 127 222 142 et
235 124 342 142 audientibus
352 124 414 142 tedium
426 125 496 147 tollitur,
505 125 544 142 dum
554 130 574 142 ea
586 130 619 148 que
628 127 683 143 trans-

115 151 178 172 ierunt,
192 149 217 167 eis
230 150 279 172 quasi
291 149 363 172 quedam
379 150 452 167 recentia
470 152 585 167 renascuntur.
604 150 654 168 Unde
667 151 684 167 tit

115 177 133 192 ut
141 180 162 192 ex
171 175 203 192 hoc
212 175 229 191 in
237 174 361 192 admirationem
372 174 453 192 ducantur
461 174 489 192 vel
498 176 592 198 stuporem,
602 175 629 192 vel
639 177 684 193 verte

116 199 138 217 ad
146 200 231 222 passionis
241 200 320 221 gemitum
329 201 446 222 provocentur.
465 199 560 221 Scripturus
569 200 626 222 itaque
635 200 684 217 vobis

115 225 195 242 Iacturam
205 226 221 241 et
230 224 368 246 oppressionem,
378 229 411 246 qna
416 224 465 241 annis
472 225 504 241 iarn
511 226 577 242 centurn
584 225 630 247 cepit
636 229 685 242 ruere

116 249 188 267 ecclesia
197 249 338 271 Maguntinensis,
347 249 400 271 ipsius
409 249 470 266 invoco
479 250 555 272 gratiam,
564 250 612 267 errius
622 254 643 267 ea
651 254 685 272 que

116 274 196 292 sustinuit
205 276 221 291 et
229 273 284 291 adbuc
293 274 376 291 sustinere
385 278 419 291 non
428 273 478 291 desiit
486 274 535 297 mala,
544 274 606 292 iudicio
615 276 642 292 est
650 279 685 297 op-

116 304 181 322 pressa.
194 298 246 321 Igitur
258 300 276 316 ut
289 299 325 316 eius
337 298 447 316 miserabilior
459 299 544 317 calamitas
557 304 606 322 quain
618 300 686 323 patitur,

117 326 134 342 et
142 324 213 341 flebilior
222 324 313 346 elucescat,
322 324 368 346 prius
377 323 437 346 quibus
446 324 538 342 honoribus
549 325 613 347 claruit,
622 325 686 347 quibus

116 349 179 367 divitiis
188 350 205 366 et
213 349 300 366 omatibus
309 348 369 366 referta
378 348 434 371 suerit,
444 349 529 367 succincte
538 351 556 367 et
564 350 637 367 breviter
646 349 686 367 dis-

117 378 197 391 seremus.

154 398 205 416 Erant
217 398 240 415 ibi
252 402 360 421 purpurarum
372 398 485 420 preciosam
494 400 540 416 tante
549 399 607 421 copie,
620 400 639 416 ut
648 399 686 416 die-

117 424 149 441 bus
161 423 227 441 festivis
239 424 290 440 toturn
303 423 430 446 monasterium,
443 428 480 440 curn
492 424 514 440 sit
526 425 581 441 tamen
590 424 659 445 longum
670 425 687 441 et

117 449 178 471 latum,
191 449 292 465 intrinsecus
305 449 398 470 tegeretur,
410 449 427 465 et
435 449 490 465 tamen
500 448 554 465 adhuc
563 448 687 470 superfuerunt.

117 474 169 491 Erant
176 474 239 495 tapetia
249 474 266 490 et
274 472 347 490 dorsalia
356 473 396 490 mira
403 473 466 495 picture
471 473 551 490 varietate
558 473 642 495 distincta,
652 478 687 496 qne

118 499 174 521 operis
186 498 277 515 subtilitate
288 499 305 514 et
316 497 439 520 pulchritudine
451 498 516 515 animos
524 498 622 515 intuentium
631 498 687 515 adrni-

117 523 181 540 rau'one
195 522 306 540 delectabant.
327 522 383 539 Preter
395 523 428 539 ista
443 524 493 540 erant>
503 524 520 540 et
533 523 575 545 alia,
588 527 621 545 qua
634 527 687 545 super

117 548 229 570 pavimentum
239 547 303 570 templi,
315 549 332 564 et
341 552 419 570 scamna,
433 549 451 565 ει
463 552 519 565 coram
527 547 608 565 altaribus
618 549 687 565 sterne-

117 573 182 590 bantur.

155 597 206 615 Erant
217 597 261 619 pelle
274 597 350 614 altarium
362 601 403 614 auro
416 597 479 614 lntexte
490 597 572 619 preciose.
589 597 634 614 Inter
643 602 686 619 quas

118 624 151 640 tres
165 623 212 640 erant
224 622 313 645 precipue,
326 627 394 644 quarum
406 626 440 639 una
450 622 558 639 estimabatur
566 627 619 645 posse
628 622 687 639 valere

117 652 183 665 mareas
192 648 267 669 centurn,
283 647 315 664 alia
324 647 424 669 sexaginta,
436 648 487 669 atque
497 647 528 664 alie
538 652 572 664 non
581 647 649 665 minoris
659 647 687 664 vel

117 677 175 695 parum
183 672 251 689 minoris
259 673 337 694 poterant
346 671 423 689 estimari.

155 697 195 714 Erat
207 698 224 713 iu
236 697 299 714 casulis
312 696 405 713 dalmaticis
421 696 509 714 subtilibus
523 698 540 713 et
549 696 606 718 cappis
616 696 687 714 sericeis

119 723 136 739 et
144 722 231 743 purpureis
244 725 285 738 auro
294 723 311 738 et
320 722 390 743 gemmis
402 721 470 738 intextis
482 722 570 743 preciosus
579 722 597 738 ot
605 721 687 743 copiosus

119 746 213 763 thesaurus.
227 746 271 763 lnter
280 750 313 768 que
322 750 353 763 sex
362 750 416 768 cappe
424 746 503 768 precipue
513 747 567 768 erant,
577 750 645 767 mierum
653 751 687 763 una

119 771 197 788 estimata
206 772 232 788 est
241 770 262 788 ad
275 771 364 793 sexaginta
377 775 450 793 marcas,
463 771 487 788 sic
496 771 540 788 enirn
549 772 566 788 et
574 770 645 792 obligari
654 775 687 793 po-

120 797 169 818 terat,
183 796 215 813 alie
229 796 302 817 quinque
316 796 384 813 minoris
396 798 443 813 erant
452 796 567 813 estimationis.
580 795 605 812 Ex
613 796 634 813 iis
643 795 687 813 duas

119 825 153 842 ego
162 820 206 843 vidi,
216 825 284 842 quarum
293 825 326 838 una
335 822 418 838 vetustate
428 820 457 837 suit
466 821 490 838 siu
497 821 596 842 consumpta
603 822 620 837 et
626 821 687 843 attrita,

119 845 165 867 quod
175 845 223 862 alicui
232 846 270 862 usui
279 849 314 862 non
322 845 399 867 valebnt;
411 845 449 862 data
458 850 499 867 ergo
509 847 535 862 est
543 845 587 867 igni,
597 846 614 862 et
622 845 686 862 redde-

119 870 148 888 bat
157 872 190 887 tres
200 875 264 888 marcas
273 870 308 887 auri
321 875 358 888 cum
367 870 439 887 dimidia.
452 869 489 887 Alia
499 874 531 892 que
540 870 595 887 adhue
603 870 688 887 reoentior

119 895 215 918 videbatur,
228 895 295 912 vendita
308 897 334 913 est
346 900 384 913 curn
396 899 429 912 una
441 895 486 917 palla
498 895 562 917 altaris3
572 895 611 919 quid
620 899 651 917 pro
660 895 686 912 liis

119 922 205 943 acceptum
215 920 272 943 tuerit,
282 921 309 937 vel
318 924 351 942 quo
360 920 447 938 devenerit
455 920 541 937 venditum
550 921 645 942 acceptum,
653 924 686 942 pe-

119 945 164 962 nitus
175 945 266 967 ignoratur.
279 945 323 962 Inter
334 946 402 963 casulas
415 946 469 962 autern
479 945 503 962 sic
512 944 533 962 do
543 945 618 967 quotibet
629 945 686 962 colore

120 969 154 987 duo
166 970 221 992 paria3
234 970 267 987 dne
280 970 327 992 nigre
340 970 452 992 aurifrigiato,
466 971 482 987 et
496 969 570 987 eiusdem
583 970 640 992 operis
653 969 685 986 due

120 994 217 1017 dalmatice,
232 996 249 1012 et
261 995 294 1012 duo
307 995 383 1017 subtilia,
397 995 435 1012 latis
447 994 536 1016 aurifrigiis
548 996 615 1016 ornata3
629 994 686 1011 etheo

120 1019 175 1036 omnia
184 1019 234 1036 valde
244 1019 293 1037 bona.
306 1020 347 1037 Item
355 1019 388 1037 due
399 1019 455 1037 casule
465 1019 486 1036 de
495 1020 556 1036 samito
563 1019 607 1041 albo,
617 1020 634 1036 et
640 1019 686 1036 elus-

120 1044 158 1061 dem
168 1044 190 1061 nli
198 1044 286 1061 dalmatico
296 1044 336 1066 due;
347 1044 413 1062 subtilia
422 1044 456 1062 dno
463 1048 548 1061 cumauro
556 1046 622 1066 ornata3
632 1044 686 1061 omnia

120 1068 170 1086 valde
179 1069 229 1086 bona.
249 1069 289 1086 ltern
302 1069 334 1086 due
347 1070 404 1086 casule
417 1069 438 1086 de
451 1069 504 1086 rubeo
513 1069 581 1091 samito,
591 1070 608 1086 et
617 1070 640 1086 tot
649 1068 685 1085 dal-
