738 1221
117 66 152 84 366
292 72 310 84 n
322 64 406 84 sonnnrno
416 72 505 85 enzomnsr.

75 110 108 125 lm
117 108 208 130 principum
221 107 265 130 apud
278 107 381 129 Mogontiam
395 107 456 124 habuit.
469 107 501 125 Ubi
509 108 562 125 eciam
571 108 642 125 collecta
651 108 683 125 rni-

116 133 150 150 litie
163 132 206 150 idern
219 137 249 149 rex
258 134 315 150 contra
324 132 383 149 ducem
393 132 469 149 anarie
478 132 594 154 proficiscitur.
606 132 625 150 in
634 137 681 150 earn-

116 158 142 180 pis
155 158 211 179 itaque
223 157 258 174 Lici
272 161 322 174 secus
336 157 429 178 Augustam
441 157 475 174 iere
488 161 519 174 sex
532 157 576 174 milia
588 157 656 174 militum
665 158 681 174 in

116 182 189 200 exercitu
203 182 251 203 regio
263 183 303 199 sunt
314 182 387 199 inventa.
402 181 444 199 Inde
457 181 542 204 proiectus
553 182 599 199 brevi
608 183 682 204 ternpore

116 207 220 224 Baowariam
229 206 308 228 subiugat
317 208 334 223 et
342 206 401 223 ducem
410 207 427 223 in
435 206 537 223 deditionem
546 207 607 228 recipit.
614 205 620 215 ¹

152 231 202 249 Anno
211 231 273 248 domini
282 231 394 248 m.co.xxx.iiir'.
402 231 472 248 Verbum
481 232 535 248 crucis
541 231 636 253 predicatur
640 235 682 248 con-

116 258 140 273 trn
154 256 247 277 siagrngos
262 260 292 278 per
305 255 393 273 inferiores
406 257 462 278 partes
475 256 557 273 Teutonie
569 257 587 273 et
600 256 682 273 Flnndric.

117 281 191 298 Collecto
203 281 259 302 itaque
272 281 351 297 universo
364 281 437 298 exercitu
446 285 495 297 cruce
504 281 608 302 signatorum
617 281 634 298 in
644 285 682 298 cra-

116 306 160 323 stino
174 305 280 323 ascensionis
294 304 337 328 [iuni
349 305 369 328 2]
383 305 432 322 iidem
446 305 522 327 Stagingi
535 307 635 327 superantur
648 307 665 322 et
673 310 683 322 a

116 332 160 348 terra
172 335 203 347 sua
212 330 286 347 funditus
295 330 402 352 extirpentur.
415 330 488 347 Fuerunt
499 331 554 347 autem
564 330 642 352 Stadingi
651 334 683 352 po-

116 355 150 377 puli
163 355 180 372 in
193 355 267 372 confinio
279 355 332 372 Frisie
345 356 362 372 et
374 355 447 372 saxonie
459 355 496 377 siti,
510 354 598 377 paludibus
607 355 659 372 inviis
667 356 684 371 et

116 379 210 397 fluminibus
219 380 339 402 circumcincti,
349 380 377 401 qui
385 384 415 401 pro
424 380 460 396 suis
471 379 570 397 excessibus
579 381 596 396 et
604 379 683 396 subtrac-

116 404 190 422 tionibus
199 404 300 421 decimarum
313 404 368 421 mulus
378 405 425 421 annis
435 404 580 426 excommunicati,
593 405 683 426 contemp-

116 430 163 446 tores
175 429 245 446 clavium
261 429 333 446 ecclesie
349 430 388 446 sunt
400 429 467 446 inventi.
487 428 519 449 Qui
532 433 568 446 curn
582 431 643 446 essent
654 429 684 446 viri

116 454 185 476 strenui,
193 454 249 471 vicino
257 453 344 476 spopulos,
351 454 401 470 immo
408 455 425 470 et
434 454 503 471 comites
511 455 527 471 et
534 454 631 476 episcopos,
640 453 684 470 bello

116 479 180 501 pluries
193 480 231 495 sunt
244 478 331 500 aggressi,
345 482 387 500 sepe
398 479 471 495 victores
483 483 521 495 raro
534 478 577 495 victi.
594 477 621 495 Ob
634 482 683 500 quarn

117 507 185 520 causam
192 503 290 520 auctoritate
296 503 354 525 populi
359 501 366 511 ²
374 503 442 520 verbum
452 503 507 520 crucis
512 504 571 520 contra
577 507 608 520 eos
614 503 647 520 luit
654 507 684 525 per

116 528 176 545 multas
189 527 267 544 dioceses
280 527 387 549 predicatum.
401 527 473 547 Quorum
482 528 499 544 in
508 527 584 550 predicto
594 527 640 545 bello
649 528 684 544 cir-

117 553 158 570 citer
166 552 188 569 ad
197 552 230 569 duo
240 552 283 569 milia
292 552 384 574 perierunt,
393 552 452 574 paucis
462 552 578 574 superstitibus
587 552 608 569 ad
618 552 684 569 vicinos

115 577 194 594 Frisones
203 576 343 598 confugientibus.

153 602 243 624 Imperator
254 603 323 619 vocatur
332 606 342 618 a
351 606 394 623 papa
407 601 423 618 in
436 602 514 619 auxilium
525 602 583 618 eontra
592 601 683 623 Romanos,

116 629 133 644 et
142 631 198 644 seeum
212 626 313 648 aliquamdiu
325 626 377 643 Reate
387 628 459 643 moratur
463 632 468 648 ;
477 626 538 643 milites
547 626 563 643 in
573 626 642 643 civitate
652 626 683 643 Vr-

116 652 169 669 terbio
178 651 272 669 collocavit.
285 650 358 671 Quorum
371 651 461 668 cotidianis
473 651 563 668 insultibus
572 652 589 667 et
597 650 683 673 depreda-

116 676 188 694 tionibus
201 676 270 693 Romaiu·
282 676 326 693 adeo
339 677 379 693 sunt
390 676 454 698 vexati,
466 677 527 693 utnon
536 675 587 697 multo
596 677 637 697 post
646 680 682 693 curn

115 706 159 723 papa
168 705 226 723 pacem
236 700 315 717 subirent.
329 701 347 718 In
358 700 390 717 hoc
399 702 453 717 lamen
465 700 544 717 conflictu
557 700 604 722 periit
614 700 683 722 quiri-m

116 725 177 742 nobilis
192 729 249 742 comes
262 725 323 742 Suevie
337 725 391 742 dietus
404 725 425 742 de
434 725 515 747 Veingin,
525 724 556 742 sed
564 725 628 747 plurimi
639 725 683 747 capii

116 749 183 767 ruerunt
191 750 270 767 nobilium
281 749 397 767 Romanorum.

153 775 192 797 Ipso
205 779 250 791 anno
263 779 319 791 eomes
333 774 421 792 Hollandie
434 775 451 791 in
463 775 579 791 torneamento
591 774 683 791 suffocatur

116 799 160 821 apud
169 799 246 816 Corbium
254 799 271 816 in
281 799 389 816 Ambianonsr'
399 799 467 816 diocesi*
479 799 555 816 Castrum
563 798 585 815 de
596 798 683 816 Molinnn-

115 824 143 841 kin
156 824 242 841 obsidetur
253 824 271 841 in
283 823 338 841 odium
352 823 474 846 archiepiscopi
486 823 593 841 Coloniensis
602 828 613 840 n
622 824 683 840 comite

115 849 212 866 Julinoense
227 850 244 866 et
256 849 291 865 suis
304 848 419 870 complicibus.
437 848 498 865 Comes
511 848 597 865 Seinensis
611 848 682 865 collecta

115 878 165 891 manu
173 873 228 891 valida
239 878 273 890 una
286 877 323 890 cum
332 873 459 895 archiepiscopo
471 873 569 890 Coloniensi
580 873 682 890 obsessores

116 899 164 915 castri
173 899 240 921 impetit,
250 898 278 920 qni
285 898 343 915 relicto
350 899 406 914 castro
414 897 491 915 ordinant
498 898 545 914 acies
555 899 614 914 contra
623 898 682 920 ipsum.

115 922 147 943 Qui
156 928 193 941 curn
202 923 278 945 ulrinque
291 923 375 940 instructis
385 922 454 940 aciebus
464 923 510 939 iuxta
520 922 575 939 villain
587 922 682 939 Nnrvenich

115 947 143 964 diu
152 949 262 970 morarentur,
271 948 310 970 post
318 947 388 969 longum
401 949 487 965 tractatum
499 951 532 969 pax
543 947 641 969 intervenit,
651 951 682 964 oa·-

115 973 166 989 strum
175 972 253 989 liberatur
261 972 283 989 ab
292 971 387 989 obsidione.

152 996 187 1014 Rex
197 997 286 1014 Heinricus
296 996 378 1014 Boberdie
390 997 491 1013 conventum
503 996 606 1018 quorundam
617 996 682 1018 princi-

114 1026 154 1043 pum
161 1021 223 1039 habuil„
232 1021 278 1038 Ubia
287 1021 388 1043 quibusdam
396 1020 463 1038 nefariis
472 1021 560 1038 consilium
567 1021 632 1043 accepit
638 1022 657 1037 ut
663 1024 682 1038 se

116 1048 209 1068 opponeret
217 1047 311 1068 imperatori
320 1046 362 1068 patri
372 1050 408 1063 sun.
421 1045 471 1066 Quod
479 1047 496 1063 et
505 1045 549 1063 iecit.
562 1046 603 1063 Narn
612 1050 633 1062 ex
642 1047 682 1062 tuno

133 1074 149 1090 ι)
157 1073 188 1087 luer-
197 1073 227 1087 rimi
236 1073 250 1086 iu
260 1072 284 1086 dol·
294 1072 314 1086 irs.
323 1072 358 1086 zaim
367 1072 412 1086 :elien
421 1072 502 1087 surr-dien.
519 1073 535 1090 π)
544 1072 600 1091 lup-ni
