738 1221
123 56 160 73 264
302 63 400 75 camararius
409 63 507 75 nocui-mua

123 98 220 115 investitura
228 98 319 120 regalium,
329 99 345 115 at
354 98 482 115 consecratione
491 102 532 121 sna,
541 102 562 115 ac
570 97 621 120 pallio
631 98 689 120 nonni-

123 123 175 140 rendo
180 136 185 145 ,
195 122 240 144 quod
249 124 276 140 est
284 122 385 145 pontificalis
397 122 466 140 honoris
475 123 552 145 insigne,
564 122 662 140 consultans
671 127 690 139 ao

122 149 232 170 pertractans,
241 147 309 169 quando
318 148 394 169 sumptus
404 152 438 165 non
445 147 528 164 habentur
535 148 552 164 in
559 149 641 170 promptu,
647 147 690 165 unde

122 173 189 195 possint
196 177 223 189 res
231 171 325 189 huiusmodi
335 173 404 195 acquiri,
414 172 474 194 quibus
483 173 499 189 in
505 172 568 189 honore
577 176 608 189 suo
617 172 690 194 acquisi-

123 198 145 214 tis
154 197 227 219 dignitas
235 196 305 214 obtineri
313 198 329 213 et
337 197 406 214 obtenta
417 197 481 214 valeret
488 197 593 214 conservari:
603 197 619 214 ei
629 196 651 214 ad
659 201 689 213 nu-

123 222 204 239 triendum
209 222 265 243 ignem
270 223 368 243 sumptuose
373 222 475 244 ambitionis,
480 222 529 244 quasi
533 222 617 243 lignorum
625 223 690 244 struem,

124 247 224 264 secretiores
234 246 324 263 consiliarii
333 246 405 264 consilia
414 246 543 263 subministrant.
557 246 654 263 Thesaurus
662 250 690 263 ao-

124 271 175 288 elesie
185 271 244 288 nimius
254 273 271 288 et
279 271 342 288 inutilis
351 271 450 293 perhibetur.
463 271 507 291 Quid
516 271 559 288 enim
568 275 620 293 grues
630 275 690 292 argen-

124 298 151 313 tee
164 295 185 313 ad
198 295 311 317 fumigandum
323 295 387 313 altura?
403 296 464 313 Posset
473 298 490 313 et
498 296 571 313 ecclesia
580 297 615 313 tota
625 295 690 313 thurifi-

123 321 158 338 eari
167 321 254 338 thuribulis
264 321 330 343 cupreis
339 320 449 338 abundanter.
458 321 499 338 Item
506 321 527 338 ad
533 321 573 343 quid
578 321 642 338 calices
646 320 689 338 aurei

124 347 141 363 et
153 346 231 367 gemmati
244 347 290 362 tante
304 346 409 368 quantitatis,
423 346 466 363 utin
475 346 500 363 eis
509 350 543 363 non
555 346 623 363 valeant
636 345 690 362 divina

123 371 202 393 mysteria
211 370 304 388 celebrari?
318 370 353 388 Heu
362 372 380 387 at
389 371 449 388 similia
458 370 529 388 consilia
537 370 641 392 placuerunt.
655 369 689 390 Qua

124 400 144 413 eo
154 396 230 417 poterant
239 395 304 412 facilius
314 397 330 412 et
339 395 387 412 citius
394 395 485 418 adimpleri,
495 400 529 417 quo
535 399 618 417 percusso
623 397 689 417 pastore

123 425 166 442 grex
178 420 275 442 dispersus,
288 420 321 437 iam
335 420 397 437 abierat
409 420 525 442 vagabundus.
538 420 637 442 Rudolphus
651 423 690 441 ergo

123 445 155 462 iam
168 444 223 462 dietus
235 445 327 467 episcopus
340 445 442 467 nominatur,
455 444 581 467 disponensque
590 445 645 462 itineri
654 448 689 466 suo,

123 469 208 487 brachium
217 469 238 486 ab
247 469 275 486 illa
284 474 345 491 magna
354 474 411 492 cruce,
421 469 442 487 de
452 474 485 491 quo
495 474 546 492 supra
554 470 656 486 mentionem
664 469 690 486 se-

124 494 185 516 oimus,
195 499 227 516 que
237 494 294 511 Benna
303 494 403 516 vocabatur,
415 494 436 511 ad
446 499 487 511 usus
497 494 603 512 necessarios
612 496 689 516 amputa-

124 519 148 536 vit
151 524 156 540 3
166 519 236 536 fideliter
240 519 338 541 promittens
344 523 363 536 se
367 520 479 541 reparaturum
484 519 569 536 brachium
576 519 642 541 equalis
649 523 690 541 pon-

124 543 169 560 deris
179 545 195 561 et
203 543 276 566 valoris,
293 544 307 560 si
316 546 384 565 peraeto
393 544 465 565 negocio
473 548 571 566 prosperum
580 544 611 561 iter
621 544 637 561 ei
646 543 690 560 sace-

124 569 149 585 ret
157 568 205 585 deus.
215 568 324 585 Proficisc-itur
333 573 393 585 versus
402 568 475 586 Romam.
484 568 518 586 Sed
526 568 644 591 prevolaverat
650 568 690 585 sarna

124 593 146 610 ad
160 593 230 616 curiamy
242 598 274 615 qua
288 593 331 610 sacta
343 593 409 610 fuerant
421 593 535 611 manifestans.
548 593 569 610 Et
581 597 625 615 papa
638 594 689 610 tantus

125 618 183 635 dolore
196 618 251 635 cordis
264 618 363 635 intrinsecus
375 618 396 635 de
409 620 461 635 morte
474 618 589 635 crudelissima
597 618 689 640 archiepis-

125 643 171 665 copi,
181 642 227 660 etde
236 642 303 660 infamia
313 643 411 660 intrusionis
423 643 505 665 Rudolphi
514 647 544 665 per
552 647 617 660 manum
627 643 689 664 laicam,

125 669 142 685 et
148 672 205 684 eorum
214 668 284 685 maxime
292 668 320 689 qui
327 668 389 685 crimen
393 668 600 690 homicidiiperpetrarunt,
605 668 659 690 ipsam
664 668 690 684 in-

125 692 221 714 trusionem,
231 692 335 709 intrudentes
343 697 380 709 eum
388 693 458 715 intruso,
466 693 643 710 excommunicationis
651 696 690 709 ana-

124 716 196 734 themate
204 717 325 734 condemnavit.
338 717 436 740 lindolphus
446 717 549 735 Clohelauch
558 717 580 735 ad
588 717 650 734 curiam
657 721 689 734 non

123 742 205 763 pervenit,
213 742 263 763 inque
273 742 299 759 via
308 742 351 759 diem
358 742 418 759 elausit
426 744 522 765 extremum,
531 742 589 764 procul
597 742 649 759 dubio
655 742 689 759 eius

124 766 199 783 crucifixi
208 766 274 783 occisus
283 766 359 789 brachio,
369 767 416 784 ouius
425 767 462 789 ipse
472 767 556 784 brachium
565 765 671 789 amputaret¹.

161 790 305 808 Detbesaurohnc
310 792 377 814 sciatur,
385 791 506 813 quod'qusolim
515 791 579 809 affluxit
588 796 632 808 nune
641 791 688 808 velo-

124 816 161 833 cius
170 815 248 833 avolavit.
257 816 321 837 Magna
330 817 366 833 ains
373 821 412 838 pars
418 817 512 838 imperatori
519 816 592 833 creditur
599 816 688 837 affluxisse,

124 845 162 862 para
172 840 193 857 ab
202 840 239 857 aliis
249 840 311 863 ablata,
323 846 362 863 pars
371 841 430 858 Judais
440 842 510 863 pignore
519 841 600 864 obligata,
609 845 649 863 pars
658 840 689 858 sur-

124 865 151 882 tim
161 865 253 882 subtracta:
267 865 338 888 dispersi
348 868 387 883 sunt
396 866 460 888 lapides
470 866 568 888 sanctuarii,
582 870 616 883 non
625 865 688 888 quidem

124 890 142 907 in
151 890 206 912 oapita
214 890 314 912 platearum,
323 890 355 907 sed
363 891 380 908 in
389 890 449 908 bursas
459 891 551 908 iurantium.

162 914 198 935 Que
209 915 283 932 vindicta
296 917 367 937 sequuta
384 916 405 933 sit
419 918 487 933 mortem
502 916 563 933 domini
575 915 654 937 Arnoldi‚
665 914 689 932 bic

125 939 208 956 oredimus
222 944 256 957 non
266 940 358 957 tacendum.
371 940 398 957 Ab
407 941 506 962 imperatore
514 941 603 963 proscripti
612 941 688 962 perpetuo

125 964 176 981 axilio
190 966 228 981 sunt
244 964 325 987 damnati,
339 965 355 982 hi
368 965 433 982 seilicet
446 966 473 987 qni
482 970 532 982 manu
541 965 630 987 nephanda
639 966 689 987 ipsum

125 988 191 1006 facinus
204 991 323 1011 perpetrarunt.
336 990 375 1012 Ipsa
388 990 447 1007 oivitas
459 990 536 1007 omnibns
545 990 607 1007 iuribus
617 991 634 1007 et
642 989 689 1007 libar-

125 1013 186 1031 tatibus
195 1018 215 1030 aa
224 1014 316 1036 privilegiis
330 1016 411 1037 perpetuo
421 1016 448 1032 est
456 1015 525 1037 pn'vata.
541 1015 600 1032 Murus
609 1016 626 1032 et
634 1014 688 1031 fossa-

125 1046 158 1076 υέι)
163 1045 196 1076 lala)
201 1045 219 1059 ist
227 1046 267 1063 irriffl
276 1045 329 1060 nudor!
336 1046 382 1060 warda
392 1046 458 1061 vielmebr
466 1046 522 1061 bisebo(
528 1051 556 1061 von
564 1046 618 1061 Lfittiali
624 1046 651 1060 und
656 1045 689 1060 mr}
