738 1221
218 74 237 85 n
248 74 332 86 contr-ruo
344 74 432 86 ωιοιπιιιςι
574 67 609 85 337

46 109 121 131 Tyrsacis
131 109 234 131 imperatoris
243 109 301 126 Grecie
312 109 399 126 solvuntur
407 110 425 126 et
433 109 454 126 ad
463 109 567 126 subdendam
576 114 607 127 eo·
617 118 649 132 ,ξω

46 134 113 150 clesiam
121 134 218 151 orientalem
226 134 301 151 Romane
310 138 347 151 cum
356 138 377 151 co
388 134 485 156 diriguntur⁴

77 158 129 175 Anno
142 158 204 176 domini
216 159 278 176 mccii.
292 158 330 176 Otto
344 163 374 176 rex
387 160 404 176 et
416 158 488 176 Adoreus
503 158 609 176 Coloniensis

46 183 181 205 trehiepiscopus
195 188 231 200 eum
241 183 277 200 aliis
286 183 386 205 quibusdam
395 183 497 206 principibus
507 184 609 206 colloquium

45 207 136 225 habuerunt
145 208 189 230 apud
198 208 292 225 Traiectum
301 213 333 230 que
343 213 393 230 supra
401 208 468 225 Mosam
475 209 507 225 sita
516 210 543 225 est
551 208 572 225 de
582 213 608 226 re-

45 232 109 254 publica
119 235 137 250 οι
146 232 167 250 de
176 233 246 250 diversis
257 233 333 254 negociis
343 237 376 255 que
385 233 432 255 ipsos
442 235 482 250 tuuc
491 234 569 255 temporis
579 238 609 250 ur-

45 257 110 278 gebant.
123 257 160 274 Una
174 251 229 274 tamen
241 257 262 274 de
275 258 358 280 precipuis
368 258 424 274 causis
433 257 482 274 liuius
491 258 571 280 colloquii
579 258 609 275 suit

44 281 63 298 de
75 282 167 299 inimicitiis
184 287 216 304 que
233 282 275 299 inter
291 282 350 299 ducem
363 282 454 299 ,Brabantie
468 284 485 299 et
498 283 574 300 oomitem
587 283 608 300 de

44 307 89 324 Gelre
101 307 211 329 pullulabant.
225 307 310 329 Siquidem
323 309 393 329 uterque
404 312 470 324 manum
482 307 555 324 validam
564 312 608 325 oon-

43 332 121 354 traxerat,
139 336 170 349 neu
183 332 219 349 sine
233 332 331 349 detrimento
339 334 434 354 'pauperum
447 332 474 349 vel
488 332 608 354 oppidanorum

43 356 128 373 conflictus
138 361 194 374 eorum
204 357 286 374 terminari
294 358 363 379 poterat.
373 357 447 374 Tandem
454 361 497 379 pace
504 357 546 374 inter
552 358 608 374 utros-

18 379 22 384 ‘
43 385 73 402 que
81 381 180 404 reformata,
193 383 210 398 et
222 386 263 403 rege
275 386 312 399 cum
321 382 402 404 episcopo
412 381 514 399 Coloniense
523 386 607 405 regresso,

43 406 91 423 orilur
99 407 144 423 inter
152 410 183 423 eos
189 407 288 428 gravissima
297 406 381 423 dissensio
390 411 445 423 eoram
453 406 531 423 cardinali
541 408 557 423 et
562 407 608 429 prio-

43 430 85 448 ribus
94 433 112 448 et
121 430 243 453 burgensibus,
253 433 271 448 et
279 431 307 448 vix
316 436 345 453 per
353 431 423 448 triduum
432 431 505 448 sedatur.
515 431 570 448 Causa
577 436 608 448 au-

43 457 73 472 lem
85 456 136 473 huius
148 455 232 473 discordie
245 456 275 473 suit
289 456 353 473 scilieet
365 456 386 473 de
400 456 468 473 teloniis
480 457 497 473 et
505 457 582 478 moneta,
591 458 608 473 et

44 479 62 496 de
71 480 139 497 iniustis
148 481 254 502 vectigalium
263 480 388 503 exactionibus,
398 482 415 498 et
423 480 445 498 de
453 481 516 498 vialata
525 485 567 502 pace
576 485 607 498 ne-

43 505 154 526 goniantihusr
166 505 233 522 Auditis
240 507 295 522 autem
302 505 431 527 allegationibus
438 507 552 527 utrorumque,
562 506 607 527 regis

43 530 104 547 scilieet
117 531 135 547 et
148 530 231 552 episcopi,
244 530 328 547 mediante
340 530 397 552 legato
409 530 440 547 sub
449 531 497 547 cuius
506 530 567 547 iudicio
576 530 608 548 hee

42 554 134 575 agebantur
149 555 223 577 ipsorum
236 556 322 577 utriusque
336 555 417 577 dirempta
430 557 456 572 est
471 555 566 577 dissensio7
579 555 607 572 lali

43 579 137 597 conditione
149 581 168 597 ut
179 580 233 597 omnis
245 580 311 597 exactio
320 580 395 597 violenta
404 581 499 597 cassaretur
507 581 524 597 et
532 584 565 601 pax
574 584 607 597 ue-

42 604 146 625 gociantibus
156 604 249 621 firmissima
258 604 362 622 stabiliretur⁴

75 629 165 646 Cunradus
174 630 265 651 episcopus
274 629 401 652 Herbipolensis
410 630 427 646 in
436 629 480 646 sesto
490 629 544 646 sancti
553 629 604 646 Nico-

42 652 61 670 lai
70 653 117 676 [dec.
128 653 148 677 6]
158 658 168 671 a
177 654 275 676 quibusdam
285 655 341 676 pravis
351 654 445 671 hominibus
454 654 539 671 occiditur.

74 678 126 696 Anno
135 679 197 696 domini
206 679 275 696 mcclii*
283 679 367 701 Philippus
375 678 409 696 dux
418 678 485 701 Sume,
495 679 568 696 exercitu
575 683 606 695 va-

42 702 72 720 lido
80 705 196 726 congregato,
205 704 273 721 intravit
281 704 388 725 Thuringiam
393 716 398 726 7
408 705 426 720 ut
434 703 551 720 Heriinannum
562 703 606 720 lant-

42 728 114 748 gravium
127 728 230 751 humiliaret,
242 733 263 746 ea
275 728 296 745 de
309 733 360 745 eausa
369 728 414 750 qnod
423 728 478 750 ipsum
486 728 582 750 reliquisset
590 730 607 745 et

42 752 99 770 Sitrido
109 755 168 770 eontra
176 753 279 770 voluntatem
289 757 335 770 suam
344 753 433 770 adhereret
442 754 459 770 et
469 753 539 775 foveret,
549 754 564 770 et
574 757 606 775 que

41 776 55 793 in
63 777 139 799 partibus
148 778 239 799 Thuringie
248 778 311 795 reditus
321 779 337 795 et
346 778 382 795 iura
392 777 492 799 Moguntine
502 777 539 795 sedi
548 780 607 795 essent

42 802 127 819 attineniia
138 803 155 819 in
169 803 195 820 sni
206 803 261 820 hostis
271 807 311 820 usus
321 802 420 824 redegisset.
433 802 541 824 Perpendens
551 804 606 819 autem

42 825 130 844 Palatinum
144 828 220 845 comitem
234 829 251 844 et
263 832 320 849 regem
330 827 397 845 Boemia
407 831 444 844 cum
453 827 523 849 copioso
533 827 606 844 exercitu

42 851 63 868 illi
71 852 88 868 in
97 852 177 869 auxilium
186 853 260 874 venisse,
270 857 307 869 rura
317 856 384 874 queque
392 852 468 874 proxima
476 851 554 868 incendio
563 856 606 869 con-

43 877 117 899 sumpsit,
131 879 148 894 et
160 877 184 894 sic
196 876 277 899 profugus
287 881 323 894 curn
333 877 368 893 suis
378 876 444 898 Erpsort
453 881 472 894 se
481 876 555 893 contulit>
568 876 605 896 Quo

42 900 142 923 lantgravius
150 903 240 924 comperto,
246 906 283 919 oum
290 902 352 919 Boemo
362 903 379 919 et
384 901 463 922 Palatino,
471 901 550 923 omnique
557 905 605 923 quem

42 927 156 943 contraxerant
164 927 243 949 exercitu,
253 927 336 944 civilatem
345 926 454 948 vallaverunt,
462 928 551 948 sperantes
560 926 605 943 illum

42 954 104 972 capere.
117 951 202 973 Philippus
215 953 270 968 autem
280 953 329 968 nocte
338 951 393 968 media
402 956 438 968 curn
447 951 506 973 paucis
515 951 574 967 exiens
583 950 605 968 ad

43 975 129 993 orientales
146 976 250 993 marchiones
267 981 286 993 se
302 976 381 998 eontulit,
398 977 417 992 nt
433 976 499 992 auxiliis
515 976 605 992 contractis

42 1003 107 1022 quoquo
120 1002 171 1023 puoto
187 1001 247 1018 milites
260 1001 334 1018 inclusos
350 1000 433 1018 liberaret*
450 1000 535 1022 Principes
550 1002 605 1017 antem

42 1024 74 1041 eius
92 1025 187 1042 discessum
201 1026 298 1048 audientes,
313 1026 369 1043 soluta
382 1024 481 1047 obsidione,
495 1029 532 1042 eum
545 1029 605 1042 novem

43 1048 99 1067 diebus
112 1055 132 1067 ea
146 1050 213 1068 obsidio
226 1051 319 1072 viguisset,
329 1050 385 1067 habito
395 1050 465 1067 consilio
475 1054 497 1067 ne
506 1049 564 1067 darent
573 1050 604 1072 ipsi

42 1074 102 1095 copiam
111 1075 201 1092 exercitum
211 1075 335 1097 congregandi,
344 1075 428 1097 persecuti
439 1076 478 1092 sunt
487 1079 524 1091 enm
533 1075 604 1091 unanimi

56 1104 124 1116 roenna
132 1105 190 1116 Fomzs
199 1105 211 1117 2.
486 1102 503 1115 Ἡ
