738 1221
236 79 300 91 nunnus
311 79 431 92 wonnmnens.
583 73 617 91 ¹97

59 114 127 131 stiterunt
138 113 150 131 li
162 113 217 131 libras.
240 114 304 131 Eodem
317 118 362 131 enno
374 113 435 131 factum
448 119 528 136 organum
541 115 616 132 constitit
625 118 658 132 ¹2⁵9

58 138 104 161 clxiii,
121 140 177 161 preter
192 139 261 161 pretium
275 139 350 160 magistri
362 139 408 161 quod
425 139 455 157 init
470 141 583 162 computatum
597 140 618 157 ad

59 168 74 180 ce
81 163 113 180 lihr.

88 187 151 205 Accidit
163 192 208 205 enno
221 188 283 206 domini
296 188 364 205 mcclx,
378 190 426 206 sextu
439 188 472 206 kal.
485 188 562 206 iehruerii
576 188 617 212 [ian.

58 211 85 235 27]
96 212 201 230 Eherhardus
214 213 262 230 miles
274 213 317 230 iilius
331 213 410 230 Gerlrerdi
423 218 459 230 cum
472 213 570 235 quibusdam
583 214 618 231 suis

57 238 147 255 concivibus
161 237 252 260 egrediens
265 238 373 255 wormatiam
386 238 462 260 pervenit
477 239 494 255 in
507 238 562 255 villam
576 238 618 256 Ost-

57 262 110 285 hoven,
119 262 179 280 volens
189 263 211 280 ihi
220 262 308 280 advocatie
318 267 348 280 sne
362 263 444 280 iusticiam
457 267 535 280 exercere
547 264 564 280 in
578 263 618 281 nul-

55 286 83 304 lius
92 286 197 310 dispendium
208 289 237 305 ent
248 292 345 309 gravamen*
362 287 383 305 Et
396 292 433 305 curn
445 287 510 305 illorum
523 288 540 305 in
549 292 617 306 numero

56 314 107 329 essent
119 312 223 335 vigintiduo,
236 314 369 335 supervenerunt
381 312 458 330 dominus
467 312 551 335 Philippus
563 313 618 330 iunior

56 336 74 354 de
81 336 182 359 Hohenfels,
194 342 242 359 quem
252 337 310 354 Simon
318 336 366 354 miles
376 337 397 354 de
406 337 494 354 Guntheim
503 342 560 355 seeum
570 337 575 346 ¹
584 342 618 355 una

56 366 87 378 mim
95 361 160 379 Jacobo
169 362 220 379 milite
229 362 274 379 dicio
287 361 308 379 de
321 361 385 384 Lapide
398 363 415 379 et
424 362 461 379 eliis
474 362 538 385 multis,
551 364 617 380 centurn

56 387 69 403 et
76 386 115 403 ultra
122 387 195 409 armetis,
201 391 251 409 super
260 387 306 404 cives
311 386 444 404 wormatienses
454 387 563 410 congregati,
572 387 617 404 nulla

56 411 152 428 diffidatione
161 412 253 434 premissa,
266 411 348 429 hostiliter
359 412 408 434 ipsos
420 412 522 429 invaserunt.
539 411 616 429 Attamen

55 436 89 453 licet
102 436 164 453 civium
178 436 325 453 Wormatiensium
338 437 396 453 eontra
408 438 464 453 tantos
476 437 535 453 essent
548 437 616 459 paucis-

55 460 150 483 statumen
159 461 250 478 auxiliante
259 461 327 478 domino
334 461 377 483 ipsis
386 461 458 478 honeste
467 462 506 478 ente
515 461 616 478 cemiterium

56 484 135 503 Osthoven
144 487 261 508 oeourrerunt,
271 486 366 503 conflictum
374 485 432 503 durum
442 486 528 508 ineuntes,
542 485 563 503 de
573 486 616 503 dex-

56 510 101 527 trariis
109 510 184 533 ipsornm
193 511 261 532 triginta
270 515 301 528 sex
309 511 428 528 interimentes.
442 510 516 528 Tandem
522 515 566 528 vero
572 511 616 533 cepti

55 536 88 552 sunt
96 535 117 552 de
126 535 191 552 civibus
199 535 354 553 Wormaciensibus
363 537 433 558 septem,
443 535 521 552 videlicet
529 535 616 553 Emerieho

55 559 160 583 Camerarius,
169 560 268 577 Wilhelmus
278 560 299 577 de
308 560 419 583 Frisenlieiu'i7
428 560 494 577 Ulricus
504 560 553 577 irater
561 560 616 577 Eber-

55 584 104 607 hardi,
115 585 208 602 Germanus
220 585 241 602 do
250 585 374 607 Bocgenlreim,
387 585 473 602 Johnnnes
485 585 506 602 de
518 585 615 607 Hochheim,

56 609 105 627 Simon
118 609 140 627 de
152 610 252 632 {ingelheim
266 611 283 627 et
295 609 359 627 Cuntzo
375 610 418 627 iilius
431 610 495 627 sororis
508 609 581 627 Cunrndi
594 610 615 627 de

56 633 113 652 Arbore
126 634 213 652 Rusamm.
233 634 304 652 Dedneii
316 636 371 652 autem
385 636 423 652 sunt
435 635 452 652 in
464 636 535 652 castrum
548 634 615 652 Gundt-

55 658 91 676 heim
104 661 121 676 et
132 659 194 677 ibidem
208 659 278 677 vinculis
291 660 388 682 mancipati,
402 661 519 682 permanentes
528 659 588 676 ibidem
598 660 614 676 in

55 684 144 706 captivitate
154 689 208 706 usqne
217 684 234 701 in
244 684 286 701 diem
296 684 350 701 sancti
359 684 442 706 Lamperti
452 683 504 707 [sept.
515 683 552 707 1⁷}

85 708 120 726 iliis
132 709 189 731 itaque
202 709 227 726 sic
240 709 326 726 traditiose
340 709 414 731 peractis
430 709 509 726 continuo
524 709 615 730 insurgens

55 733 138 756 episcopus
146 734 274 751 wormatiensis
283 733 398 756 Eberhardus,
415 735 432 751 et
444 734 541 751 convocatis
551 734 615 751 civibus

54 762 78 779 per
85 758 144 776 iustam
154 759 254 776 senientiam
263 758 329 776 jacobo
342 758 397 780 militi,
407 763 438 776 suo
452 758 554 775 ministeriali
565 760 615 775 ante-

54 782 101 806 dioto,
115 784 176 800 curiam
190 788 237 800 suam
250 783 338 800 honestam
351 785 368 800 et
380 783 450 805 bonam,
463 787 515 805 prope
527 783 615 800 ecclesiam

54 807 93 825 beati
101 808 170 825 Andrce
181 808 241 830 sitam,
250 808 299 825 iussit
309 808 383 825 funditus
395 807 458 825 destrui
471 809 487 825 et
501 808 579 825 subverti.
595 808 616 825 Et

54 831 71 849 ud
83 832 131 850 istam
147 832 276 850 destructionem
294 833 394 850 universitas
410 833 465 850 animo
483 832 547 849 ardenti
562 833 616 849 extitit

54 859 160 880 promptuosa,
171 862 202 880 pro
214 862 235 875 eo
247 857 292 879 quod
305 857 359 875 dictus
369 857 443 875 Jaeolrus
457 859 474 874 et
486 862 517 874 sua
529 857 615 879 parentela

54 882 128 900 civitatem
138 883 197 905 sepius
207 882 322 905 ostenderunt,
336 884 353 899 et
362 882 432 899 maxime
445 882 490 904 quod
501 881 556 899 dictus
568 882 614 904 epis-

54 910 99 929 eopus
112 907 264 925 reconciliationem
280 907 323 925 inter
337 906 428 930 predictum
443 906 524 924 Jacohum
538 908 555 924 et
568 907 614 924 cives

54 930 117 954 iecerat,
128 932 174 954 qnod
184 932 221 954 ipse
231 932 306 949 Jacobus
313 932 396 949 violenter
406 931 511 954 postmodum
520 931 614 953 infregerat.

55 955 136 974 Destructa
146 958 173 974 est
179 958 235 974 autern
243 956 303 974 domus
309 956 369 974 Jacobi
377 961 422 974 anno
431 956 498 973 mcclx.
507 956 548 973 ieria
557 957 614 978 quinta

54 982 86 998 ente
92 981 225 1004 purificationem
236 980 278 1004 [ian.
288 981 326 1005 29].
346 981 366 998 Et
377 982 423 998 oives
435 981 456 998 de
467 980 570 1004 Oppenlieim
582 981 614 998 hoe

54 1006 119 1028 tempore
131 1006 157 1023 sui
172 1006 259 1023 iuramenti
273 1007 378 1023 immemores
388 1005 470 1023 Jacobum
485 1006 506 1023 de
518 1006 582 1028 Lepido
598 1007 614 1022 et

54 1034 88 1048 snos
95 1031 169 1048 fautores
177 1032 193 1048 in
204 1036 261 1048 eornm
271 1031 337 1048 civitate
347 1031 462 1053 detinuerunt,
471 1031 528 1048 literas
537 1031 586 1047 etiam
597 1031 613 1047 in

54 1055 105 1073 mnium
114 1056 175 1073 civium
182 1056 330 1073 wormatiensium
338 1055 402 1073 eisdem
410 1055 517 1073 tradiderunt.
530 1055 550 1072 Et
559 1055 613 1072 statim

67 1083 80 1098 ι)
88 1082 143 1097 trabum
