<?xml version="1.0" encoding="UTF-8"?>
<!DOCTYPE html PUBLIC "-//W3C//DTD XHTML 1.0 Transitional//EN"
    "http://www.w3.org/TR/xhtml1/DTD/xhtml1-transitional.dtd">
<html xmlns="http://www.w3.org/1999/xhtml" xml:lang="en" lang="en">
 <head>
  <title>
</title>
<meta http-equiv="Content-Type" content="text/html;charset=utf-8" />
  <meta name='ocr-system' content='tesseract 3.04.00' />
  <meta name='ocr-capabilities' content='ocr_page ocr_carea ocr_par ocr_line ocrx_word'/>
</head>
<body>
  <div class='ocr_page' id='page_1' title='image "./fontesrerumgerm05hubegoog_0437.png"; bbox 0 0 738 1221; ppageno 0'>
   <div class='ocr_carea' id='block_1_1' title="bbox 123 55 499 73">
    <p class='ocr_par' dir='ltr' id='par_1_1' title="bbox 123 55 499 73">
     <span class='ocr_line' id='line_1_1' title="bbox 123 55 499 73; baseline 0.003 -1"><span class='ocrx_word' id='word_1_1' title='bbox 123 55 158 72; x_wconf 78' lang='lat'>376</span> <span class='ocrx_word' id='word_1_2' title='bbox 314 62 333 73; x_wconf 68' lang='lat' dir='ltr'>nx</span> <span class='ocrx_word' id='word_1_3' title='bbox 344 61 407 73; x_wconf 64' lang='lat' dir='ltr'>atienae</span> <span class='ocrx_word' id='word_1_4' title='bbox 418 61 499 73; x_wconf 67' lang='lat' dir='ltr'>monium.</span> 
     </span>
    </p>
   </div>
   <div class='ocr_carea' id='block_1_2' title="bbox 83 95 695 1081">
    <p class='ocr_par' dir='ltr' id='par_1_2' title="bbox 83 95 695 1081">
     <span class='ocr_line' id='line_1_2' title="bbox 83 95 691 119; baseline -0.003 -5"><span class='ocrx_word' id='word_1_5' title='bbox 83 100 115 113; x_wconf 73' lang='lat'>1²⁰5</span> <span class='ocrx_word' id='word_1_6' title='bbox 125 101 163 119; x_wconf 86' lang='lat' dir='ltr'>pum</span> <span class='ocrx_word' id='word_1_7' title='bbox 170 96 289 113; x_wconf 83' lang='lat' dir='ltr'>coloniensem</span> <span class='ocrx_word' id='word_1_8' title='bbox 297 98 314 113; x_wconf 83' lang='lat' dir='ltr'>et</span> <span class='ocrx_word' id='word_1_9' title='bbox 322 95 416 113; x_wconf 81' lang='lat' dir='ltr'>Heinricum</span> <span class='ocrx_word' id='word_1_10' title='bbox 425 96 483 113; x_wconf 80' lang='lat' dir='ltr'>ducem</span> <span class='ocrx_word' id='word_1_11' title='bbox 491 95 648 117; x_wconf 73' lang='lat' dir='ltr'>Lotharingiensem</span> <span class='ocrx_word' id='word_1_12' title='bbox 657 95 691 113; x_wconf 81' lang='lat' dir='ltr'>sibi</span> 
     </span>
     <span class='ocr_line' id='line_1_3' title="bbox 122 119 690 144; baseline -0.002 -6"><span class='ocrx_word' id='word_1_13' title='bbox 122 121 225 144; x_wconf 76' lang='lat' dir='ltr'>pacificavit,</span> <span class='ocrx_word' id='word_1_14' title='bbox 238 122 256 138; x_wconf 82' lang='lat' dir='ltr'>ct</span> <span class='ocrx_word' id='word_1_15' title='bbox 266 120 318 138; x_wconf 77' lang='lat' dir='ltr'>fretus</span> <span class='ocrx_word' id='word_1_16' title='bbox 331 121 402 138; x_wconf 90' lang='lat' dir='ltr'>consilio</span> <span class='ocrx_word' id='word_1_17' title='bbox 416 125 473 138; x_wconf 86' lang='lat' dir='ltr'>eorum</span> <span class='ocrx_word' id='word_1_18' title='bbox 485 122 502 137; x_wconf 85' lang='lat' dir='ltr'>et</span> <span class='ocrx_word' id='word_1_19' title='bbox 513 120 575 137; x_wconf 88' lang='lat' dir='ltr'>auxilio</span> <span class='ocrx_word' id='word_1_20' title='bbox 586 119 690 142; x_wconf 79' lang='lat' dir='ltr'>Aquisgrani</span> 
     </span>
     <span class='ocr_line' id='line_1_4' title="bbox 123 144 691 168; baseline 0 -6"><span class='ocrx_word' id='word_1_21' title='bbox 123 151 160 163; x_wconf 80' lang='lat' dir='ltr'>curn</span> <span class='ocrx_word' id='word_1_22' title='bbox 169 146 221 162; x_wconf 85' lang='lat' dir='ltr'>multo</span> <span class='ocrx_word' id='word_1_23' title='bbox 230 145 303 162; x_wconf 86' lang='lat' dir='ltr'>exercitu</span> <span class='ocrx_word' id='word_1_24' title='bbox 313 144 348 168; x_wconf 89' lang='lat' dir='ltr'>[et]</span> <span class='ocrx_word' id='word_1_25' title='bbox 356 149 393 162; x_wconf 88' lang='lat' dir='ltr'>cum</span> <span class='ocrx_word' id='word_1_26' title='bbox 402 150 454 162; x_wconf 82' lang='lat' dir='ltr'>uxore</span> <span class='ocrx_word' id='word_1_27' title='bbox 464 149 494 162; x_wconf 85' lang='lat' dir='ltr'>sua</span> <span class='ocrx_word' id='word_1_28' title='bbox 507 146 556 162; x_wconf 79' lang='lat' dir='ltr'>venit.</span> <span class='ocrx_word' id='word_1_29' title='bbox 569 144 605 165; x_wconf 87' lang='lat' dir='ltr'>Que</span> <span class='ocrx_word' id='word_1_30' title='bbox 615 144 645 162; x_wconf 79' lang='lat' dir='ltr'>suit</span> <span class='ocrx_word' id='word_1_31' title='bbox 656 145 691 162; x_wconf 78' lang='lat' dir='ltr'>filia</span> 
     </span>
     <span class='ocr_line' id='line_1_5' title="bbox 122 170 692 193; baseline -0.002 -6"><span class='ocrx_word' id='word_1_32' title='bbox 122 171 226 193; x_wconf 88' lang='lat' dir='ltr'>imperatoris</span> <span class='ocrx_word' id='word_1_33' title='bbox 239 170 429 192; x_wconf 77' lang='lat' dir='ltr'>constantinopolitani,</span> <span class='ocrx_word' id='word_1_34' title='bbox 438 170 465 187; x_wconf 82' lang='lat' dir='ltr'>cui</span> <span class='ocrx_word' id='word_1_35' title='bbox 476 170 526 187; x_wconf 82' lang='lat' dir='ltr'>frater</span> <span class='ocrx_word' id='word_1_36' title='bbox 535 170 571 187; x_wconf 87' lang='lat' dir='ltr'>eius</span> <span class='ocrx_word' id='word_1_37' title='bbox 579 170 638 187; x_wconf 84' lang='lat' dir='ltr'>oculos</span> <span class='ocrx_word' id='word_1_38' title='bbox 648 170 692 187; x_wconf 85' lang='lat' dir='ltr'>eruit</span> 
     </span>
     <span class='ocr_line' id='line_1_6' title="bbox 124 194 689 217; baseline -0.002 -5"><span class='ocrx_word' id='word_1_39' title='bbox 124 197 141 212; x_wconf 89' lang='lat' dir='ltr'>et</span> <span class='ocrx_word' id='word_1_40' title='bbox 150 195 181 217; x_wconf 76' lang='lat' dir='ltr'>&#39;pro</span> <span class='ocrx_word' id='word_1_41' title='bbox 191 199 212 212; x_wconf 89' lang='lat' dir='ltr'>eo</span> <span class='ocrx_word' id='word_1_42' title='bbox 223 195 308 217; x_wconf 83' lang='lat' dir='ltr'>regnavit,</span> <span class='ocrx_word' id='word_1_43' title='bbox 318 195 366 211; x_wconf 87' lang='lat' dir='ltr'>cuius</span> <span class='ocrx_word' id='word_1_44' title='bbox 376 194 441 211; x_wconf 77' lang='lat' dir='ltr'>fratrem</span> <span class='ocrx_word' id='word_1_45' title='bbox 452 199 509 212; x_wconf 85' lang='lat' dir='ltr'>comes</span> <span class='ocrx_word' id='word_1_46' title='bbox 519 194 626 211; x_wconf 81' lang='lat' dir='ltr'>Flandrensis</span> <span class='ocrx_word' id='word_1_47' title='bbox 637 195 689 211; x_wconf 60' lang='lat' dir='ltr'>resti⁴</span> 
     </span>
     <span class='ocr_line' id='line_1_7' title="bbox 123 219 690 242; baseline 0 -6"><span class='ocrx_word' id='word_1_48' title='bbox 123 220 154 237; x_wconf 76' lang='lat' dir='ltr'>tuit</span> <span class='ocrx_word' id='word_1_49' title='bbox 162 224 224 242; x_wconf 75' lang='lat' dir='ltr'>regno,</span> <span class='ocrx_word' id='word_1_50' title='bbox 234 221 251 236; x_wconf 82' lang='lat' dir='ltr'>et</span> <span class='ocrx_word' id='word_1_51' title='bbox 261 224 297 236; x_wconf 91' lang='lat' dir='ltr'>cum</span> <span class='ocrx_word' id='word_1_52' title='bbox 305 224 315 236; x_wconf 83' lang='lat' dir='ltr'>a</span> <span class='ocrx_word' id='word_1_53' title='bbox 324 219 359 236; x_wconf 91' lang='lat' dir='ltr'>suis</span> <span class='ocrx_word' id='word_1_54' title='bbox 369 219 466 236; x_wconf 70' lang='lat' dir='ltr'>domesticis</span> <span class='ocrx_word' id='word_1_55' title='bbox 475 219 568 236; x_wconf 75' lang='lat' dir='ltr'>suffocatus</span> <span class='ocrx_word' id='word_1_56' title='bbox 577 221 633 241; x_wconf 77' lang='lat' dir='ltr'>esset,</span> <span class='ocrx_word' id='word_1_57' title='bbox 643 219 690 236; x_wconf 83' lang='lat' dir='ltr'>elec-</span> 
     </span>
     <span class='ocr_line' id='line_1_8' title="bbox 124 244 691 266; baseline -0.002 -5"><span class='ocrx_word' id='word_1_58' title='bbox 124 245 169 262; x_wconf 86' lang='lat' dir='ltr'>tione</span> <span class='ocrx_word' id='word_1_59' title='bbox 177 244 234 266; x_wconf 84' lang='lat' dir='ltr'>populi</span> <span class='ocrx_word' id='word_1_60' title='bbox 247 246 286 266; x_wconf 84' lang='lat' dir='ltr'>post</span> <span class='ocrx_word' id='word_1_61' title='bbox 299 248 336 261; x_wconf 83' lang='lat' dir='ltr'>eum</span> <span class='ocrx_word' id='word_1_62' title='bbox 353 244 437 266; x_wconf 80' lang='lat' dir='ltr'>regnavit,</span> <span class='ocrx_word' id='word_1_63' title='bbox 450 244 493 261; x_wconf 82' lang='lat' dir='ltr'>sicut</span> <span class='ocrx_word' id='word_1_64' title='bbox 504 244 581 266; x_wconf 83' lang='lat' dir='ltr'>saperius</span> <span class='ocrx_word' id='word_1_65' title='bbox 593 244 691 261; x_wconf 75' lang='lat' dir='ltr'><strong>memoriam</strong></span> 
     </span>
     <span class='ocr_line' id='line_1_9' title="bbox 124 268 691 291; baseline -0.002 -5"><span class='ocrx_word' id='word_1_66' title='bbox 124 269 161 286; x_wconf 72' lang='lat' dir='ltr'>feci.</span> <span class='ocrx_word' id='word_1_67' title='bbox 175 269 222 286; x_wconf 79' lang='lat' dir='ltr'>Sedit</span> <span class='ocrx_word' id='word_1_68' title='bbox 230 269 286 290; x_wconf 87' lang='lat' dir='ltr'>itaque</span> <span class='ocrx_word' id='word_1_69' title='bbox 295 273 324 285; x_wconf 88' lang='lat' dir='ltr'>rex</span> <span class='ocrx_word' id='word_1_70' title='bbox 333 268 417 291; x_wconf 80' lang='lat' dir='ltr'>Philippus</span> <span class='ocrx_word' id='word_1_71' title='bbox 425 269 442 285; x_wconf 92' lang='lat' dir='ltr'>in</span> <span class='ocrx_word' id='word_1_72' title='bbox 451 269 499 290; x_wconf 79' lang='lat' dir='ltr'>regia</span> <span class='ocrx_word' id='word_1_73' title='bbox 507 268 548 286; x_wconf 84' lang='lat' dir='ltr'>sede</span> <span class='ocrx_word' id='word_1_74' title='bbox 557 269 574 285; x_wconf 93' lang='lat' dir='ltr'>in</span> <span class='ocrx_word' id='word_1_75' title='bbox 582 268 610 285; x_wconf 82' lang='lat' dir='ltr'>die</span> <span class='ocrx_word' id='word_1_76' title='bbox 618 268 691 291; x_wconf 84' lang='lat' dir='ltr'>epipha-</span> 
     </span>
     <span class='ocr_line' id='line_1_10' title="bbox 125 292 691 317; baseline 0 -7"><span class='ocrx_word' id='word_1_77' title='bbox 125 294 151 311; x_wconf 75' lang='lat' dir='ltr'>nie</span> <span class='ocrx_word' id='word_1_78' title='bbox 158 292 198 317; x_wconf 85' lang='lat' dir='ltr'>[ian.</span> <span class='ocrx_word' id='word_1_79' title='bbox 206 293 225 316; x_wconf 82' lang='lat'>6]</span> <span class='ocrx_word' id='word_1_80' title='bbox 237 295 254 310; x_wconf 76' lang='lat' dir='ltr'>et</span> <span class='ocrx_word' id='word_1_81' title='bbox 260 295 349 310; x_wconf 78' lang='lat' dir='ltr'>coronatus</span> <span class='ocrx_word' id='word_1_82' title='bbox 358 295 384 311; x_wconf 90' lang='lat' dir='ltr'>est</span> <span class='ocrx_word' id='word_1_83' title='bbox 393 297 429 310; x_wconf 80' lang='lat' dir='ltr'>cnm</span> <span class='ocrx_word' id='word_1_84' title='bbox 436 297 489 311; x_wconf 82' lang='lat' dir='ltr'>uxore</span> <span class='ocrx_word' id='word_1_85' title='bbox 496 297 532 316; x_wconf 85' lang='lat' dir='ltr'>sua,</span> <span class='ocrx_word' id='word_1_86' title='bbox 540 294 620 310; x_wconf 82' lang='lat' dir='ltr'>universo</span> <span class='ocrx_word' id='word_1_87' title='bbox 627 293 691 316; x_wconf 86' lang='lat' dir='ltr'>populo</span> 
     </span>
     <span class='ocr_line' id='line_1_11' title="bbox 125 317 691 341; baseline 0 -6"><span class='ocrx_word' id='word_1_88' title='bbox 125 318 241 341; x_wconf 74' lang='lat' dir='ltr'><strong>applaudente.</strong></span> <span class='ocrx_word' id='word_1_89' title='bbox 255 317 294 335; x_wconf 87' lang='lat' dir='ltr'>Otto</span> <span class='ocrx_word' id='word_1_90' title='bbox 303 318 419 340; x_wconf 81' lang='lat' dir='ltr'>Pictaviensis,</span> <span class='ocrx_word' id='word_1_91' title='bbox 432 318 483 335; x_wconf 77' lang='lat' dir='ltr'>fretus</span> <span class='ocrx_word' id='word_1_92' title='bbox 492 318 555 335; x_wconf 83' lang='lat' dir='ltr'>auxilio</span> <span class='ocrx_word' id='word_1_93' title='bbox 564 318 691 335; x_wconf 83' lang='lat' dir='ltr'>Coloniensium</span> 
     </span>
     <span class='ocr_line' id='line_1_12' title="bbox 125 342 693 365; baseline -0.002 -5"><span class='ocrx_word' id='word_1_94' title='bbox 125 345 142 360; x_wconf 91' lang='lat' dir='ltr'>et</span> <span class='ocrx_word' id='word_1_95' title='bbox 150 342 198 360; x_wconf 86' lang='lat' dir='ltr'>ducis</span> <span class='ocrx_word' id='word_1_96' title='bbox 206 342 285 360; x_wconf 77' lang='lat' dir='ltr'>Ardenae</span> <span class='ocrx_word' id='word_1_97' title='bbox 294 344 311 360; x_wconf 87' lang='lat' dir='ltr'>et</span> <span class='ocrx_word' id='word_1_98' title='bbox 318 343 387 360; x_wconf 85' lang='lat' dir='ltr'>filiorum</span> <span class='ocrx_word' id='word_1_99' title='bbox 393 347 466 365; x_wconf 86' lang='lat' dir='ltr'>suorum,</span> <span class='ocrx_word' id='word_1_100' title='bbox 474 343 535 360; x_wconf 86' lang='lat' dir='ltr'>curiam</span> <span class='ocrx_word' id='word_1_101' title='bbox 544 347 591 360; x_wconf 77' lang='lat' dir='ltr'>suam</span> <span class='ocrx_word' id='word_1_102' title='bbox 600 344 617 359; x_wconf 82' lang='lat' dir='ltr'>et</span> <span class='ocrx_word' id='word_1_103' title='bbox 626 342 693 360; x_wconf 79' lang='lat' dir='ltr'>adven-</span> 
     </span>
     <span class='ocr_line' id='line_1_13' title="bbox 125 366 692 390; baseline -0.002 -5"><span class='ocrx_word' id='word_1_104' title='bbox 125 370 158 385; x_wconf 87' lang='lat' dir='ltr'>tum</span> <span class='ocrx_word' id='word_1_105' title='bbox 168 372 234 385; x_wconf 91' lang='lat' dir='ltr'>suorum</span> <span class='ocrx_word' id='word_1_106' title='bbox 244 367 322 390; x_wconf 82' lang='lat' dir='ltr'>impedire</span> <span class='ocrx_word' id='word_1_107' title='bbox 331 368 393 389; x_wconf 82' lang='lat' dir='ltr'>voluit,</span> <span class='ocrx_word' id='word_1_108' title='bbox 407 367 438 384; x_wconf 88' lang='lat' dir='ltr'>sed</span> <span class='ocrx_word' id='word_1_109' title='bbox 447 372 481 385; x_wconf 85' lang='lat' dir='ltr'>nou</span> <span class='ocrx_word' id='word_1_110' title='bbox 489 367 560 390; x_wconf 72' lang='lat' dir='ltr'>profecit</span> <span class='ocrx_word' id='word_1_111' title='bbox 568 367 607 389; x_wconf 77' lang='lat' dir='ltr'>quia</span> <span class='ocrx_word' id='word_1_112' title='bbox 617 366 692 390; x_wconf 85' lang='lat' dir='ltr'>[Philip-</span> 
     </span>
     <span class='ocr_line' id='line_1_14' title="bbox 125 392 692 415; baseline 0 -6"><span class='ocrx_word' id='word_1_113' title='bbox 125 392 166 415; x_wconf 88' lang='lat' dir='ltr'>pus]</span> <span class='ocrx_word' id='word_1_114' title='bbox 180 392 283 409; x_wconf 85' lang='lat' dir='ltr'>multitudine</span> <span class='ocrx_word' id='word_1_115' title='bbox 295 392 386 414; x_wconf 80' lang='lat' dir='ltr'>principum</span> <span class='ocrx_word' id='word_1_116' title='bbox 398 392 469 414; x_wconf 80' lang='lat' dir='ltr'>stipatus</span> <span class='ocrx_word' id='word_1_117' title='bbox 481 393 539 409; x_wconf 88' lang='lat' dir='ltr'>venit.</span> <span class='ocrx_word' id='word_1_118' title='bbox 548 405 552 409; x_wconf 78' lang='lat'><em>.</em></span> <span class='ocrx_word' id='word_1_119' title='bbox 561 406 565 409; x_wconf 88' lang='lat'>.</span> <span class='ocrx_word' id='word_1_120' title='bbox 578 392 692 409; x_wconf 78' lang='lat' dir='ltr'>Colonienses</span> 
     </span>
     <span class='ocr_line' id='line_1_15' title="bbox 125 417 693 439; baseline 0 -5"><span class='ocrx_word' id='word_1_121' title='bbox 125 422 147 434; x_wconf 86' lang='lat' dir='ltr'>ex</span> <span class='ocrx_word' id='word_1_122' title='bbox 156 417 234 434; x_wconf 86' lang='lat' dir='ltr'>mandato</span> <span class='ocrx_word' id='word_1_123' title='bbox 247 417 305 434; x_wconf 81' lang='lat' dir='ltr'>sumini</span> <span class='ocrx_word' id='word_1_124' title='bbox 319 417 402 439; x_wconf 82' lang='lat' dir='ltr'>pontilicis</span> <span class='ocrx_word' id='word_1_125' title='bbox 416 418 433 434; x_wconf 86' lang='lat' dir='ltr'>et</span> <span class='ocrx_word' id='word_1_126' title='bbox 444 418 555 439; x_wconf 74' lang='lat' dir='ltr'>suggestione</span> <span class='ocrx_word' id='word_1_127' title='bbox 565 417 693 434; x_wconf 69' lang='lat' dir='ltr'>Cameracensis</span> 
     </span>
     <span class='ocr_line' id='line_1_16' title="bbox 126 441 694 464; baseline -0.002 -5"><span class='ocrx_word' id='word_1_128' title='bbox 126 442 206 464; x_wconf 76' lang='lat' dir='ltr'>episcopi,</span> <span class='ocrx_word' id='word_1_129' title='bbox 215 442 244 464; x_wconf 76' lang='lat' dir='ltr'>qui</span> <span class='ocrx_word' id='word_1_130' title='bbox 252 442 313 459; x_wconf 83' lang='lat' dir='ltr'>missus</span> <span class='ocrx_word' id='word_1_131' title='bbox 323 443 356 458; x_wconf 84' lang='lat' dir='ltr'>erat</span> <span class='ocrx_word' id='word_1_132' title='bbox 364 446 374 458; x_wconf 88' lang='lat' dir='ltr'>a</span> <span class='ocrx_word' id='word_1_133' title='bbox 380 441 432 459; x_wconf 84' lang='lat' dir='ltr'>latere</span> <span class='ocrx_word' id='word_1_134' title='bbox 439 441 501 459; x_wconf 91' lang='lat' dir='ltr'>domini</span> <span class='ocrx_word' id='word_1_135' title='bbox 510 446 559 464; x_wconf 83' lang='lat' dir='ltr'>pape,</span> <span class='ocrx_word' id='word_1_136' title='bbox 566 446 628 459; x_wconf 88' lang='lat' dir='ltr'>novum</span> <span class='ocrx_word' id='word_1_137' title='bbox 635 443 694 458; x_wconf 82' lang='lat' dir='ltr'>creant</span> 
     </span>
     <span class='ocr_line' id='line_1_17' title="bbox 125 466 694 489; baseline 0 -6"><span class='ocrx_word' id='word_1_138' title='bbox 125 466 269 489; x_wconf 78' lang='lat' dir='ltr'>archiepiscopum</span> <span class='ocrx_word' id='word_1_139' title='bbox 281 466 375 484; x_wconf 82' lang='lat' dir='ltr'>Brunonem</span> <span class='ocrx_word' id='word_1_140' title='bbox 387 466 494 483; x_wconf 88' lang='lat' dir='ltr'>Bonnensem</span> <span class='ocrx_word' id='word_1_141' title='bbox 507 467 618 488; x_wconf 76' lang='lat' dir='ltr'>prepositum,</span> <span class='ocrx_word' id='word_1_142' title='bbox 631 468 649 483; x_wconf 73' lang='lat' dir='ltr'>et</span> <span class='ocrx_word' id='word_1_143' title='bbox 661 466 694 483; x_wconf 84' lang='lat' dir='ltr'>Ai-</span> 
     </span>
     <span class='ocr_line' id='line_1_18' title="bbox 126 490 693 513; baseline 0 -5"><span class='ocrx_word' id='word_1_144' title='bbox 126 491 189 513; x_wconf 75' lang='lat' dir='ltr'>gallum</span> <span class='ocrx_word' id='word_1_145' title='bbox 198 491 225 513; x_wconf 81' lang='lat' dir='ltr'>qui</span> <span class='ocrx_word' id='word_1_146' title='bbox 235 495 245 508; x_wconf 85' lang='lat' dir='ltr'>a</span> <span class='ocrx_word' id='word_1_147' title='bbox 254 495 294 512; x_wconf 76' lang='lat' dir='ltr'>rege</span> <span class='ocrx_word' id='word_1_148' title='bbox 304 490 469 509; x_wconf 70' lang='lat' dir='ltr'>octoneseeesserat</span> <span class='ocrx_word' id='word_1_149' title='bbox 477 491 565 513; x_wconf 79' lang='lat' dir='ltr'>abiiciunt,</span> <span class='ocrx_word' id='word_1_150' title='bbox 575 491 647 508; x_wconf 74' lang='lat' dir='ltr'>civitatis</span> <span class='ocrx_word' id='word_1_151' title='bbox 654 495 693 508; x_wconf 86' lang='lat' dir='ltr'>me-</span> 
     </span>
     <span class='ocr_line' id='line_1_19' title="bbox 125 515 694 538; baseline 0 -6"><span class='ocrx_word' id='word_1_152' title='bbox 125 516 153 533; x_wconf 81' lang='lat' dir='ltr'>nia</span> <span class='ocrx_word' id='word_1_153' title='bbox 162 516 242 537; x_wconf 87' lang='lat' dir='ltr'>muniunt,</span> <span class='ocrx_word' id='word_1_154' title='bbox 251 515 329 532; x_wconf 71' lang='lat' dir='ltr'>victualia</span> <span class='ocrx_word' id='word_1_155' title='bbox 337 517 447 538; x_wconf 76' lang='lat' dir='ltr'>congregant,</span> <span class='ocrx_word' id='word_1_156' title='bbox 454 515 558 533; x_wconf 81' lang='lat' dir='ltr'>obsidionem</span> <span class='ocrx_word' id='word_1_157' title='bbox 566 515 694 538; x_wconf 82' lang='lat' dir='ltr'>PhilippiSuevi</span> 
     </span>
     <span class='ocr_line' id='line_1_20' title="bbox 126 539 693 563; baseline 0 -6"><span class='ocrx_word' id='word_1_158' title='bbox 126 541 230 563; x_wconf 73' lang='lat' dir='ltr'>exspectant,</span> <span class='ocrx_word' id='word_1_159' title='bbox 237 539 299 557; x_wconf 85' lang='lat' dir='ltr'>Ottoue</span> <span class='ocrx_word' id='word_1_160' title='bbox 306 544 347 562; x_wconf 71' lang='lat' dir='ltr'>rege</span> <span class='ocrx_word' id='word_1_161' title='bbox 356 545 387 557; x_wconf 85' lang='lat' dir='ltr'>suo</span> <span class='ocrx_word' id='word_1_162' title='bbox 395 540 466 557; x_wconf 85' lang='lat' dir='ltr'>honeste</span> <span class='ocrx_word' id='word_1_163' title='bbox 471 541 488 557; x_wconf 93' lang='lat' dir='ltr'>in</span> <span class='ocrx_word' id='word_1_164' title='bbox 492 540 558 557; x_wconf 86' lang='lat' dir='ltr'>civitate</span> <span class='ocrx_word' id='word_1_165' title='bbox 565 542 634 557; x_wconf 83' lang='lat' dir='ltr'>retento.</span> <span class='ocrx_word' id='word_1_166' title='bbox 644 540 693 557; x_wconf 74' lang='lat' dir='ltr'>Circa</span> 
     </span>
     <span class='ocr_line' id='line_1_21' title="bbox 126 564 694 588; baseline 0 -6"><span class='ocrx_word' id='word_1_167' title='bbox 126 564 186 582; x_wconf 73' lang='lat' dir='ltr'>festum</span> <span class='ocrx_word' id='word_1_168' title='bbox 195 565 337 582; x_wconf 80' lang='lat' dir='ltr'>sanctiLamberti</span> <span class='ocrx_word' id='word_1_169' title='bbox 347 564 398 588; x_wconf 69' lang='lat' dir='ltr'>[sept.</span> <span class='ocrx_word' id='word_1_170' title='bbox 405 564 436 588; x_wconf 82' lang='lat'>17]</span> <span class='ocrx_word' id='word_1_171' title='bbox 447 565 513 582; x_wconf 83' lang='lat' dir='ltr'>Suevus</span> <span class='ocrx_word' id='word_1_172' title='bbox 522 565 572 587; x_wconf 81' lang='lat' dir='ltr'>venit,</span> <span class='ocrx_word' id='word_1_173' title='bbox 582 565 634 582; x_wconf 77' lang='lat' dir='ltr'>fretus</span> <span class='ocrx_word' id='word_1_174' title='bbox 643 565 694 582; x_wconf 86' lang='lat' dir='ltr'>anxi-</span> 
     </span>
     <span class='ocr_line' id='line_1_22' title="bbox 126 589 693 612; baseline 0 -6"><span class='ocrx_word' id='word_1_175' title='bbox 126 590 148 607; x_wconf 90' lang='lat' dir='ltr'>lio</span> <span class='ocrx_word' id='word_1_176' title='bbox 157 590 243 607; x_wconf 89' lang='lat' dir='ltr'>multorum</span> <span class='ocrx_word' id='word_1_177' title='bbox 253 589 338 607; x_wconf 88' lang='lat' dir='ltr'>Coloniam</span> <span class='ocrx_word' id='word_1_178' title='bbox 348 589 423 612; x_wconf 75' lang='lat' dir='ltr'>obsedit,</span> <span class='ocrx_word' id='word_1_179' title='bbox 432 589 509 607; x_wconf 83' lang='lat' dir='ltr'>Nussiam</span> <span class='ocrx_word' id='word_1_180' title='bbox 519 590 568 612; x_wconf 84' lang='lat' dir='ltr'>oepit,</span> <span class='ocrx_word' id='word_1_181' title='bbox 577 591 594 607; x_wconf 85' lang='lat' dir='ltr'>et</span> <span class='ocrx_word' id='word_1_182' title='bbox 603 590 619 606; x_wconf 92' lang='lat' dir='ltr'>in</span> <span class='ocrx_word' id='word_1_183' title='bbox 629 594 650 606; x_wconf 86' lang='lat' dir='ltr'>ea</span> <span class='ocrx_word' id='word_1_184' title='bbox 659 590 693 607; x_wconf 89' lang='lat' dir='ltr'>mi-</span> 
     </span>
     <span class='ocr_line' id='line_1_23' title="bbox 125 614 694 637; baseline 0 -6"><span class='ocrx_word' id='word_1_185' title='bbox 125 615 164 632; x_wconf 87' lang='lat' dir='ltr'>lites</span> <span class='ocrx_word' id='word_1_186' title='bbox 176 619 217 632; x_wconf 87' lang='lat' dir='ltr'>suos</span> <span class='ocrx_word' id='word_1_187' title='bbox 229 615 300 637; x_wconf 76' lang='lat' dir='ltr'>locavit,</span> <span class='ocrx_word' id='word_1_188' title='bbox 314 618 345 631; x_wconf 88' lang='lat' dir='ltr'>nec</span> <span class='ocrx_word' id='word_1_189' title='bbox 359 614 409 632; x_wconf 82' lang='lat' dir='ltr'>multo</span> <span class='ocrx_word' id='word_1_190' title='bbox 421 616 460 637; x_wconf 88' lang='lat' dir='ltr'>post</span> <span class='ocrx_word' id='word_1_191' title='bbox 473 615 551 632; x_wconf 81' lang='lat' dir='ltr'>inefficax</span> <span class='ocrx_word' id='word_1_192' title='bbox 560 615 635 631; x_wconf 72' lang='lat' dir='ltr'>recessit.</span> <span class='ocrx_word' id='word_1_193' title='bbox 652 614 694 631; x_wconf 84' lang='lat' dir='ltr'>-Dux</span> 
     </span>
     <span class='ocr_line' id='line_1_24' title="bbox 126 638 694 662; baseline 0 -6"><span class='ocrx_word' id='word_1_194' title='bbox 126 639 242 662; x_wconf 83' lang='lat' dir='ltr'>Brahantinus,</span> <span class='ocrx_word' id='word_1_195' title='bbox 252 639 280 661; x_wconf 77' lang='lat' dir='ltr'>qui</span> <span class='ocrx_word' id='word_1_196' title='bbox 289 639 310 656; x_wconf 75' lang='lat' dir='ltr'>ad</span> <span class='ocrx_word' id='word_1_197' title='bbox 320 639 398 656; x_wconf 82' lang='lat' dir='ltr'>auxilium</span> <span class='ocrx_word' id='word_1_198' title='bbox 406 640 442 656; x_wconf 84' lang='lat' dir='ltr'>eius</span> <span class='ocrx_word' id='word_1_199' title='bbox 450 640 530 661; x_wconf 89' lang='lat' dir='ltr'>copiosus</span> <span class='ocrx_word' id='word_1_200' title='bbox 537 640 611 661; x_wconf 84' lang='lat' dir='ltr'>venerat,</span> <span class='ocrx_word' id='word_1_201' title='bbox 620 638 694 656; x_wconf 70' lang='lat' dir='ltr'>frustru-</span> 
     </span>
     <span class='ocr_line' id='line_1_25' title="bbox 126 663 693 686; baseline -0.002 -5"><span class='ocrx_word' id='word_1_202' title='bbox 126 665 154 681; x_wconf 83' lang='lat' dir='ltr'>tns</span> <span class='ocrx_word' id='word_1_203' title='bbox 163 664 247 681; x_wconf 85' lang='lat' dir='ltr'>desiderio</span> <span class='ocrx_word' id='word_1_204' title='bbox 257 668 287 681; x_wconf 86' lang='lat' dir='ltr'>suo</span> <span class='ocrx_word' id='word_1_205' title='bbox 297 665 314 681; x_wconf 81' lang='lat' dir='ltr'>et</span> <span class='ocrx_word' id='word_1_206' title='bbox 322 663 369 681; x_wconf 85' lang='lat' dir='ltr'>falsis</span> <span class='ocrx_word' id='word_1_207' title='bbox 378 664 464 686; x_wconf 81' lang='lat' dir='ltr'>promissis</span> <span class='ocrx_word' id='word_1_208' title='bbox 474 665 522 686; x_wconf 82' lang='lat' dir='ltr'>quasi</span> <span class='ocrx_word' id='word_1_209' title='bbox 532 663 617 686; x_wconf 70' lang='lat' dir='ltr'>confusus,</span> <span class='ocrx_word' id='word_1_210' title='bbox 627 663 649 680; x_wconf 89' lang='lat' dir='ltr'>ad</span> <span class='ocrx_word' id='word_1_211' title='bbox 662 668 693 681; x_wconf 85' lang='lat' dir='ltr'>sua</span> 
     </span>
     <span class='ocr_line' id='line_1_26' title="bbox 127 688 693 711; baseline 0 -6"><span class='ocrx_word' id='word_1_212' title='bbox 127 693 163 706; x_wconf 89' lang='lat' dir='ltr'>cum</span> <span class='ocrx_word' id='word_1_213' title='bbox 173 689 208 706; x_wconf 91' lang='lat' dir='ltr'>suis</span> <span class='ocrx_word' id='word_1_214' title='bbox 217 688 269 705; x_wconf 85' lang='lat' dir='ltr'>rediil.</span> <span class='ocrx_word' id='word_1_215' title='bbox 282 689 378 710; x_wconf 79' lang='lat' dir='ltr'>Episcopus</span> <span class='ocrx_word' id='word_1_216' title='bbox 386 688 487 706; x_wconf 85' lang='lat' dir='ltr'>Leodiensis</span> <span class='ocrx_word' id='word_1_217' title='bbox 495 689 575 711; x_wconf 81' lang='lat' dir='ltr'>petitione</span> <span class='ocrx_word' id='word_1_218' title='bbox 585 688 650 705; x_wconf 82' lang='lat' dir='ltr'>comitis</span> <span class='ocrx_word' id='word_1_219' title='bbox 656 688 693 705; x_wconf 84' lang='lat' dir='ltr'>Na-</span> 
     </span>
     <span class='ocr_line' id='line_1_27' title="bbox 127 712 694 730; baseline 0 0"><span class='ocrx_word' id='word_1_220' title='bbox 127 714 211 730; x_wconf 81' lang='lat' dir='ltr'>mucensis</span> <span class='ocrx_word' id='word_1_221' title='bbox 225 715 241 730; x_wconf 80' lang='lat' dir='ltr'>et</span> <span class='ocrx_word' id='word_1_222' title='bbox 254 714 318 730; x_wconf 74' lang='lat' dir='ltr'>comitis</span> <span class='ocrx_word' id='word_1_223' title='bbox 329 713 420 730; x_wconf 84' lang='lat' dir='ltr'>Losseusis</span> <span class='ocrx_word' id='word_1_224' title='bbox 434 713 511 730; x_wconf 77' lang='lat' dir='ltr'>inducias</span> <span class='ocrx_word' id='word_1_225' title='bbox 523 713 577 730; x_wconf 76' lang='lat' dir='ltr'>adhuc</span> <span class='ocrx_word' id='word_1_226' title='bbox 589 712 694 730; x_wconf 84' lang='lat' dir='ltr'>deliberandi</span> 
     </span>
     <span class='ocr_line' id='line_1_28' title="bbox 127 737 694 760; baseline 0.002 -6"><span class='ocrx_word' id='word_1_227' title='bbox 127 739 180 755; x_wconf 84' lang='lat' dir='ltr'>utrum</span> <span class='ocrx_word' id='word_1_228' title='bbox 194 738 211 754; x_wconf 89' lang='lat' dir='ltr'>in</span> <span class='ocrx_word' id='word_1_229' title='bbox 224 742 261 754; x_wconf 87' lang='lat' dir='ltr'>eum</span> <span class='ocrx_word' id='word_1_230' title='bbox 274 738 378 755; x_wconf 78' lang='lat' dir='ltr'>consentiret</span> <span class='ocrx_word' id='word_1_231' title='bbox 389 742 443 760; x_wconf 79' lang='lat' dir='ltr'>usque</span> <span class='ocrx_word' id='word_1_232' title='bbox 455 738 471 754; x_wconf 93' lang='lat' dir='ltr'>in</span> <span class='ocrx_word' id='word_1_233' title='bbox 484 738 539 760; x_wconf 84' lang='lat' dir='ltr'>capite</span> <span class='ocrx_word' id='word_1_234' title='bbox 551 738 607 755; x_wconf 85' lang='lat' dir='ltr'>ieiunii</span> <span class='ocrx_word' id='word_1_235' title='bbox 615 737 694 755; x_wconf 75' lang='lat' dir='ltr'>obtinuit.</span> 
     </span>
     <span class='ocr_line' id='line_1_29' title="bbox 127 762 694 784; baseline 0 -5"><span class='ocrx_word' id='word_1_236' title='bbox 127 762 213 784; x_wconf 83' lang='lat' dir='ltr'>Philippus</span> <span class='ocrx_word' id='word_1_237' title='bbox 225 762 304 784; x_wconf 83' lang='lat' dir='ltr'>recessit,</span> <span class='ocrx_word' id='word_1_238' title='bbox 316 763 377 779; x_wconf 82' lang='lat' dir='ltr'>curiam</span> <span class='ocrx_word' id='word_1_239' title='bbox 388 762 504 780; x_wconf 81' lang='lat' dir='ltr'>celebrandam</span> <span class='ocrx_word' id='word_1_240' title='bbox 518 762 622 780; x_wconf 83' lang='lat' dir='ltr'>Conssuentie</span> <span class='ocrx_word' id='word_1_241' title='bbox 635 763 651 779; x_wconf 95' lang='lat' dir='ltr'>in</span> <span class='ocrx_word' id='word_1_242' title='bbox 662 767 694 779; x_wconf 91' lang='lat' dir='ltr'>ca-</span> 
     </span>
     <span class='ocr_line' id='line_1_30' title="bbox 127 786 694 810; baseline 0 -6"><span class='ocrx_word' id='word_1_243' title='bbox 127 787 162 809; x_wconf 88' lang='lat' dir='ltr'>pite</span> <span class='ocrx_word' id='word_1_244' title='bbox 174 787 230 804; x_wconf 86' lang='lat' dir='ltr'>ieiunii</span> <span class='ocrx_word' id='word_1_245' title='bbox 244 786 300 809; x_wconf 80' lang='lat'>[1206</span> <span class='ocrx_word' id='word_1_246' title='bbox 314 787 345 804; x_wconf 80' lang='lat' dir='ltr'>seb.</span> <span class='ocrx_word' id='word_1_247' title='bbox 356 786 388 810; x_wconf 82' lang='lat'>15]</span> <span class='ocrx_word' id='word_1_248' title='bbox 401 787 491 804; x_wconf 80' lang='lat' dir='ltr'>constituit.</span> <span class='ocrx_word' id='word_1_249' title='bbox 504 787 596 804; x_wconf 81' lang='lat' dir='ltr'>Balduinus</span> <span class='ocrx_word' id='word_1_250' title='bbox 608 787 694 809; x_wconf 82' lang='lat' dir='ltr'>quondam</span> 
     </span>
     <span class='ocr_line' id='line_1_31' title="bbox 128 811 662 834; baseline 0 -6"><span class='ocrx_word' id='word_1_251' title='bbox 128 816 185 829; x_wconf 81' lang='lat' dir='ltr'>comes</span> <span class='ocrx_word' id='word_1_252' title='bbox 194 811 300 829; x_wconf 79' lang='lat' dir='ltr'>Flandrensis</span> <span class='ocrx_word' id='word_1_253' title='bbox 305 825 310 834; x_wconf 99' lang='lat'>,</span> <span class='ocrx_word' id='word_1_254' title='bbox 319 816 363 829; x_wconf 90' lang='lat' dir='ltr'>nunc</span> <span class='ocrx_word' id='word_1_255' title='bbox 372 813 427 829; x_wconf 76' lang='lat' dir='ltr'>autem</span> <span class='ocrx_word' id='word_1_256' title='bbox 436 812 524 834; x_wconf 83' lang='lat' dir='ltr'>imperator</span> <span class='ocrx_word' id='word_1_257' title='bbox 533 812 622 829; x_wconf 83' lang='lat' dir='ltr'>Grecoruin</span> <span class='ocrx_word' id='word_1_258' title='bbox 631 825 635 828; x_wconf 89' lang='lat'>.</span> <span class='ocrx_word' id='word_1_259' title='bbox 644 825 648 828; x_wconf 89' lang='lat'>.</span> <span class='ocrx_word' id='word_1_260' title='bbox 658 825 662 828; x_wconf 89' lang='lat'>.</span> 
     </span>
     <span class='ocr_line' id='line_1_32' title="bbox 165 835 695 854; baseline 0 -1"><span class='ocrx_word' id='word_1_261' title='bbox 165 835 215 854; x_wconf 84' lang='lat' dir='ltr'>Anno</span> <span class='ocrx_word' id='word_1_262' title='bbox 224 836 286 853; x_wconf 85' lang='lat' dir='ltr'>domini</span> <span class='ocrx_word' id='word_1_263' title='bbox 295 837 362 853; x_wconf 37' lang='lat' dir='ltr'>miccvi.</span> <span class='ocrx_word' id='word_1_264' title='bbox 372 850 375 853; x_wconf 96' lang='lat'>.</span> <span class='ocrx_word' id='word_1_265' title='bbox 385 849 388 853; x_wconf 84' lang='lat'>.</span> <span class='ocrx_word' id='word_1_266' title='bbox 400 836 510 854; x_wconf 81' lang='lat' dir='ltr'>Colonienscs</span> <span class='ocrx_word' id='word_1_267' title='bbox 522 837 579 853; x_wconf 84' lang='lat' dir='ltr'>iterum</span> <span class='ocrx_word' id='word_1_268' title='bbox 588 836 695 853; x_wconf 81' lang='lat' dir='ltr'>concorditer</span> 
     </span>
     <span class='ocr_line' id='line_1_33' title="bbox 128 860 695 884; baseline 0 -6"><span class='ocrx_word' id='word_1_269' title='bbox 128 861 164 883; x_wconf 78' lang='lat' dir='ltr'>regi</span> <span class='ocrx_word' id='word_1_270' title='bbox 173 860 230 878; x_wconf 74' lang='lat' dir='ltr'>Oltoni</span> <span class='ocrx_word' id='word_1_271' title='bbox 239 860 371 878; x_wconf 77' lang='lat' dir='ltr'>confederantur.</span> <span class='ocrx_word' id='word_1_272' title='bbox 384 861 441 878; x_wconf 86' lang='lat' dir='ltr'>Novus</span> <span class='ocrx_word' id='word_1_273' title='bbox 450 861 592 884; x_wconf 80' lang='lat' dir='ltr'>archiepiscopus,</span> <span class='ocrx_word' id='word_1_274' title='bbox 602 861 658 878; x_wconf 85' lang='lat' dir='ltr'>Bmuo</span> <span class='ocrx_word' id='word_1_275' title='bbox 668 861 695 878; x_wconf 89' lang='lat' dir='ltr'>vi-</span> 
     </span>
     <span class='ocr_line' id='line_1_34' title="bbox 129 885 695 908; baseline 0 -6"><span class='ocrx_word' id='word_1_276' title='bbox 129 885 197 908; x_wconf 84' lang='lat' dir='ltr'>delieet,</span> <span class='ocrx_word' id='word_1_277' title='bbox 210 890 220 903; x_wconf 92' lang='lat' dir='ltr'>a</span> <span class='ocrx_word' id='word_1_278' title='bbox 232 890 296 903; x_wconf 88' lang='lat' dir='ltr'>summo</span> <span class='ocrx_word' id='word_1_279' title='bbox 310 885 389 907; x_wconf 78' lang='lat' dir='ltr'>pontifice</span> <span class='ocrx_word' id='word_1_280' title='bbox 400 885 467 908; x_wconf 88' lang='lat' dir='ltr'>pallium</span> <span class='ocrx_word' id='word_1_281' title='bbox 480 886 512 903; x_wconf 82' lang='lat' dir='ltr'>sibi</span> <span class='ocrx_word' id='word_1_282' title='bbox 524 886 593 903; x_wconf 89' lang='lat' dir='ltr'>missum</span> <span class='ocrx_word' id='word_1_283' title='bbox 605 886 666 908; x_wconf 71' lang='lat' dir='ltr'>accipit</span> <span class='ocrx_word' id='word_1_284' title='bbox 678 887 695 903; x_wconf 90' lang='lat' dir='ltr'>et</span> 
     </span>
     <span class='ocr_line' id='line_1_35' title="bbox 129 910 694 933; baseline 0 -6"><span class='ocrx_word' id='word_1_285' title='bbox 129 910 234 928; x_wconf 84' lang='lat' dir='ltr'>oonlirrnatur</span> <span class='ocrx_word' id='word_1_286' title='bbox 243 924 246 927; x_wconf 90' lang='lat'>.</span> <span class='ocrx_word' id='word_1_287' title='bbox 281 910 365 933; x_wconf 81' lang='lat' dir='ltr'>Philippus</span> <span class='ocrx_word' id='word_1_288' title='bbox 380 910 445 928; x_wconf 84' lang='lat' dir='ltr'>Suevus</span> <span class='ocrx_word' id='word_1_289' title='bbox 459 912 562 932; x_wconf 76' lang='lat' dir='ltr'>congregato</span> <span class='ocrx_word' id='word_1_290' title='bbox 576 910 649 928; x_wconf 82' lang='lat' dir='ltr'>exercitu</span> <span class='ocrx_word' id='word_1_291' title='bbox 662 915 694 927; x_wconf 86' lang='lat' dir='ltr'>suo</span> 
     </span>
     <span class='ocr_line' id='line_1_36' title="bbox 129 935 694 957; baseline 0 -5"><span class='ocrx_word' id='word_1_292' title='bbox 129 936 146 952; x_wconf 93' lang='lat' dir='ltr'>in</span> <span class='ocrx_word' id='word_1_293' title='bbox 155 935 214 952; x_wconf 84' lang='lat' dir='ltr'>virtute</span> <span class='ocrx_word' id='word_1_294' title='bbox 223 940 282 957; x_wconf 76' lang='lat' dir='ltr'>magna</span> <span class='ocrx_word' id='word_1_295' title='bbox 291 936 307 952; x_wconf 91' lang='lat' dir='ltr'>in</span> <span class='ocrx_word' id='word_1_296' title='bbox 316 937 373 957; x_wconf 79' lang='lat' dir='ltr'>partes</span> <span class='ocrx_word' id='word_1_297' title='bbox 382 935 452 952; x_wconf 88' lang='lat' dir='ltr'>Colonie</span> <span class='ocrx_word' id='word_1_298' title='bbox 460 935 551 953; x_wconf 71' lang='lat' dir='ltr'>revertitur.</span> <span class='ocrx_word' id='word_1_299' title='bbox 565 935 595 952; x_wconf 91' lang='lat' dir='ltr'>Cui</span> <span class='ocrx_word' id='word_1_300' title='bbox 602 935 694 952; x_wconf 83' lang='lat' dir='ltr'>Colonien-</span> 
     </span>
     <span class='ocr_line' id='line_1_37' title="bbox 129 960 695 982; baseline 0 -5"><span class='ocrx_word' id='word_1_301' title='bbox 129 964 158 977; x_wconf 83' lang='lat' dir='ltr'>ses</span> <span class='ocrx_word' id='word_1_302' title='bbox 167 961 262 982; x_wconf 78' lang='lat' dir='ltr'>occurrunt,</span> <span class='ocrx_word' id='word_1_303' title='bbox 276 960 306 977; x_wconf 84' lang='lat' dir='ltr'>sed</span> <span class='ocrx_word' id='word_1_304' title='bbox 319 960 335 977; x_wconf 87' lang='lat' dir='ltr'>in</span> <span class='ocrx_word' id='word_1_305' title='bbox 345 960 397 982; x_wconf 86' lang='lat' dir='ltr'>primo</span> <span class='ocrx_word' id='word_1_306' title='bbox 406 964 499 982; x_wconf 82' lang='lat' dir='ltr'>congressu</span> <span class='ocrx_word' id='word_1_307' title='bbox 508 960 572 982; x_wconf 81' lang='lat' dir='ltr'>plurimi</span> <span class='ocrx_word' id='word_1_308' title='bbox 582 960 669 982; x_wconf 77' lang='lat' dir='ltr'>capiuntur</span> <span class='ocrx_word' id='word_1_309' title='bbox 678 961 695 977; x_wconf 83' lang='lat' dir='ltr'>et</span> 
     </span>
     <span class='ocr_line' id='line_1_38' title="bbox 130 984 693 1006; baseline 0 -5"><span class='ocrx_word' id='word_1_310' title='bbox 130 984 195 1001; x_wconf 82' lang='lat' dir='ltr'>cadunt.</span> <span class='ocrx_word' id='word_1_311' title='bbox 209 984 321 1002; x_wconf 84' lang='lat' dir='ltr'>Colonienses</span> <span class='ocrx_word' id='word_1_312' title='bbox 334 985 394 1002; x_wconf 79' lang='lat' dir='ltr'>rabiem</span> <span class='ocrx_word' id='word_1_313' title='bbox 407 985 501 1002; x_wconf 80' lang='lat' dir='ltr'>certaminis</span> <span class='ocrx_word' id='word_1_314' title='bbox 513 984 556 1002; x_wconf 78' lang='lat' dir='ltr'>serre</span> <span class='ocrx_word' id='word_1_315' title='bbox 568 989 602 1002; x_wconf 90' lang='lat' dir='ltr'>non</span> <span class='ocrx_word' id='word_1_316' title='bbox 611 984 693 1006; x_wconf 79' lang='lat' dir='ltr'>valentes,</span> 
     </span>
     <span class='ocr_line' id='line_1_39' title="bbox 129 1008 694 1031; baseline 0 -5"><span class='ocrx_word' id='word_1_317' title='bbox 129 1013 164 1026; x_wconf 86' lang='lat' dir='ltr'>non</span> <span class='ocrx_word' id='word_1_318' title='bbox 172 1009 209 1026; x_wconf 84' lang='lat' dir='ltr'>sine</span> <span class='ocrx_word' id='word_1_319' title='bbox 218 1009 290 1031; x_wconf 83' lang='lat' dir='ltr'>dampno</span> <span class='ocrx_word' id='word_1_320' title='bbox 299 1013 366 1026; x_wconf 73' lang='lat' dir='ltr'>suoi-um</span> <span class='ocrx_word' id='word_1_321' title='bbox 375 1009 417 1026; x_wconf 78' lang='lat' dir='ltr'>infra</span> <span class='ocrx_word' id='word_1_322' title='bbox 426 1014 481 1026; x_wconf 87' lang='lat' dir='ltr'>muros</span> <span class='ocrx_word' id='word_1_323' title='bbox 490 1014 531 1026; x_wconf 90' lang='lat' dir='ltr'>suos</span> <span class='ocrx_word' id='word_1_324' title='bbox 537 1014 556 1027; x_wconf 90' lang='lat' dir='ltr'>se</span> <span class='ocrx_word' id='word_1_325' title='bbox 563 1009 648 1031; x_wconf 86' lang='lat' dir='ltr'>recipiunt.</span> <span class='ocrx_word' id='word_1_326' title='bbox 657 1008 694 1026; x_wconf 88' lang='lat' dir='ltr'>No-</span> 
     </span>
     <span class='ocr_line' id='line_1_40' title="bbox 130 1033 695 1056; baseline 0.002 -6"><span class='ocrx_word' id='word_1_327' title='bbox 130 1038 162 1050; x_wconf 89' lang='lat' dir='ltr'>vus</span> <span class='ocrx_word' id='word_1_328' title='bbox 171 1033 308 1056; x_wconf 75' lang='lat' dir='ltr'>archiepiscopus</span> <span class='ocrx_word' id='word_1_329' title='bbox 317 1034 372 1051; x_wconf 84' lang='lat' dir='ltr'>Bruno</span> <span class='ocrx_word' id='word_1_330' title='bbox 381 1034 398 1051; x_wconf 90' lang='lat' dir='ltr'>in</span> <span class='ocrx_word' id='word_1_331' title='bbox 407 1036 462 1051; x_wconf 83' lang='lat' dir='ltr'>castro</span> <span class='ocrx_word' id='word_1_332' title='bbox 472 1034 518 1056; x_wconf 79' lang='lat' dir='ltr'>quod</span> <span class='ocrx_word' id='word_1_333' title='bbox 527 1033 641 1051; x_wconf 82' lang='lat' dir='ltr'>Wassenberc</span> <span class='ocrx_word' id='word_1_334' title='bbox 650 1033 695 1050; x_wconf 82' lang='lat' dir='ltr'>dici-</span> 
     </span>
     <span class='ocr_line' id='line_1_41' title="bbox 131 1058 694 1081; baseline 0 -6"><span class='ocrx_word' id='word_1_335' title='bbox 131 1060 156 1075; x_wconf 89' lang='lat' dir='ltr'>tur</span> <span class='ocrx_word' id='word_1_336' title='bbox 165 1058 256 1081; x_wconf 76' lang='lat' dir='ltr'>obsessus,</span> <span class='ocrx_word' id='word_1_337' title='bbox 265 1059 324 1075; x_wconf 87' lang='lat' dir='ltr'>virtute</span> <span class='ocrx_word' id='word_1_338' title='bbox 336 1063 417 1076; x_wconf 87' lang='lat' dir='ltr'>armorum</span> <span class='ocrx_word' id='word_1_339' title='bbox 430 1059 493 1081; x_wconf 86' lang='lat' dir='ltr'>capitur</span> <span class='ocrx_word' id='word_1_340' title='bbox 505 1060 522 1076; x_wconf 85' lang='lat' dir='ltr'>et</span> <span class='ocrx_word' id='word_1_341' title='bbox 531 1063 540 1076; x_wconf 84' lang='lat' dir='ltr'>n</span> <span class='ocrx_word' id='word_1_342' title='bbox 550 1058 606 1076; x_wconf 83' lang='lat' dir='ltr'>Suevo</span> <span class='ocrx_word' id='word_1_343' title='bbox 615 1060 694 1075; x_wconf 81' lang='lat' dir='ltr'>oneratus</span> 
     </span>
    </p>
   </div>
  </div>
 </body>
</html>
