738 1221
225 71 320 83 cunisrmms
330 71 426 83 ucsunnnua.
572 64 607 81 257

49 106 141 124 membratim
152 106 169 123 in
178 106 269 128 iuncturis,-
281 106 333 128 primo
342 106 361 123 in
370 105 403 122 talo
410 118 415 128 ,
428 106 445 123 iu
454 105 541 128 genubus,
553 106 570 123 iu
579 106 607 124 fe-

50 135 95 154 ruore,
105 132 122 148 in
130 131 214 153 humeris,
226 131 243 148 in
252 131 317 153 cubito,
329 131 346 147 in
356 130 441 152 manibus,
455 130 472 147 in
480 130 524 147 collo
533 131 561 147 ubi
569 135 608 148 cor-

50 156 80 178 pori
88 156 182 178 inherebat;
192 157 249 173 cetera
257 160 297 178 pars
306 155 387 177 corporis,
397 155 464 172 dorsum
475 155 608 173 scilicetetven-

49 182 77 203 ter,
89 181 150 203 pariter
158 180 270 202 coherebant;
283 182 300 198 et
311 180 343 197 hoc
352 180 400 202 ideo,
413 180 544 197 ut'oommodius
553 182 570 197 et
579 185 608 198 se-

48 206 97 222 curius
106 207 165 228 posset
173 206 191 222 in
199 209 239 223 arca
248 205 280 222 sibi
288 205 310 222 ad
319 205 352 222 hoc
360 204 440 227 deputata
450 205 545 226 specialiter
553 210 609 223 reser-

48 231 82 247 vari.
94 230 130 247 Hoc
138 234 177 247 raro
186 230 288 252 ponebatur,
301 230 334 247 nisi
342 229 385 247 forte
394 231 473 251 presente
484 234 525 251 rege
537 230 565 247 vel
575 231 608 248 alio

48 259 102 276 magno
111 255 196 277 principe,
210 256 227 272 et
239 255 256 272 in
268 255 317 272 sestis
326 254 389 277 pasche
398 254 425 271 vel
435 254 495 271 natalis
504 254 578 278 Domini,
592 257 609 273 et

48 279 118 302 pontifice
130 280 163 297 lico
171 279 243 296 iubente.
257 279 297 297 Curn
308 281 364 296 autern
372 279 405 296 boc
413 278 449 296 sieri
457 279 555 302 oportebat,
568 282 609 297 tunc

48 305 62 321 in
71 304 107 322 loco
119 304 170 322 valde
183 302 262 322 er'niuenti
274 305 290 322 iu
304 304 365 327 templo
379 308 431 326 super
443 304 516 327 trabem,
531 305 559 322 ubi
568 305 609 322 nulli

48 329 96 346 alieno
108 329 178 352 patebat
189 333 279 352 accessus,
291 334 302 347 a
310 329 389 347 ministris
398 328 476 346 fidelibus
485 329 576 347 Iocabatur.
590 330 609 347 in

48 354 90 371 11111115
99 354 176 376 imaginis
185 354 240 376 capite
249 354 287 372 loco
296 354 381 371 oculorum
389 355 437 370 erant
445 353 477 370 due
485 358 556 376 gemme,
566 359 608 376 quas

47 378 150 396 carbunculos
161 380 233 401 vocant,
247 380 293 396 tante
305 378 423 401 magnitudinis
433 380 451 395 ut
460 378 493 396 duo
502 379 554 396 vitelli
563 384 608 397 ovo-

48 408 85 426 mm,
94 404 123 426 qui
131 404 148 421 iu
158 404 232 421 tenebris
241 404 359 421 coruscabant.
371 403 415 420 Huic
423 403 468 420 cruci
477 403 566 426 inscriptus
574 406 610 421 erat

48 432 99 446 versus
108 429 152 446 iste:

92 452 143 476 „Auri
152 455 242 470 sexcentas
252 453 304 470 habet
312 453 344 470 bec
353 457 393 469 crux
403 457 453 470 aurea
461 452 530 470 libras.“

48 477 65 494 Et
75 480 115 495 110111
128 477 174 500 quod
187 483 220 495 11111
233 478 274 495 libra
287 478 337 495 habet
349 477 392 494 duas
402 482 465 494 mareas
475 478 515 495 auri.
529 478 558 495 Sic
567 483 608 500 ergo

48 504 89 519 eraut
100 503 144 520 mille
157 504 174 520 et
185 502 258 520 duoente
271 507 325 520 maroe
334 503 370 519 auri
378 502 496 524 probatissimi.
510 502 545 520 Neo
554 503 608 520 silen-

48 526 80 544 tium
92 527 173 545 arbitror:
185 532 216 549 pro
228 527 298 549 speciali
311 527 360 544 huius
373 527 408 544 auri
421 527 563 545 examinatissimo
577 533 609 545 va-

48 551 85 574 lore,
97 557 139 570 orux
150 553 187 574 ipsa
200 552 267 575 proprio
277 552 343 569 nomine
352 551 462 574 censebatur,
475 552 568 570 vocabatur
576 557 609 570 au-

48 578 75 593 tem
83 577 146 594 Benna.

79 601 103 619 De
113 601 215 619 indumentis
224 601 335 624 quotidianis,
347 601 433 624 crucibus,
443 601 532 625 calicibus,
542 603 609 625 ampul-

47 625 69 648 lis,
77 627 185 644 attinentibus
195 628 212 643 et
220 626 306 643 thuribulis
316 627 416 644 mentionem
425 626 481 643 iacere
489 629 558 649 propter
566 627 609 644 mul-

48 651 128 669 titudinem
138 656 172 668 non
181 651 224 668 bene
233 656 307 673 possum.
321 651 355 668 Sed
364 652 403 673 quia
412 650 434 668 de
443 651 523 669 calicibus
533 652 608 674 dicimus,

48 676 92 693 subiit
101 676 181 693 memoria
190 675 235 698 quod
245 676 307 693 fueram
316 676 348 693 iam
358 676 424 693 oblitus.
436 676 487 693 Erant
495 677 556 694 culices
565 676 609 694 duo-

48 699 94 718 decim
104 701 188 723 argentei,
197 705 256 718 omncs
265 701 350 723 deaurati,
359 700 435 718 eiusdem
444 700 524 723 ponderis
534 706 571 718 cum
577 706 609 724 pa-

48 726 94 748 lenis,
104 726 169 743 scilicet
178 725 199 742 de
209 726 261 743 tribus
270 727 329 743 marcis
335 738 339 748 ,
353 725 420 747 dempto
433 726 485 743 calice
498 727 525 748 qui
534 727 608 748 pertine-

48 749 71 767 bat
79 750 100 767 ad
109 751 162 767 maius
171 750 228 773 altare,
238 752 255 767 et
263 751 278 767 is
287 752 353 768 ceteros
361 750 429 767 dimidia
438 755 493 768 maroa
502 751 608 773 precellebat.

48 774 113 792 Cuilibet
126 775 175 792 calici
192 777 239 792 erant
252 775 335 797 speciales
351 775 423 797 ampulle
436 777 517 797 argentee
531 777 547 793 ct
559 777 609 798 pyxis

48 802 123 821 argentea
132 800 154 817 ad
163 799 227 817 hostias
239 800 323 822 deputata.
337 800 392 817 Proter
404 800 435 817 hos
448 800 510 817 calices
519 802 566 817 erant
575 803 608 818 tres

48 825 93 841 aurei.
107 825 126 841 In
139 829 173 841 uno
186 824 244 842 horum
257 826 323 847 poterat
332 824 421 847 celebrari,
431 825 459 846 qui
468 825 517 842 etiam
527 830 567 842 suas
576 825 608 843 111-

48 848 79 866 buit
86 849 168 871 ampullas
177 851 194 866 et
206 849 285 871 pyxidem
297 849 318 867 ad
332 849 396 867 hostias
410 854 431 866 ex
443 854 484 867 auro
495 850 585 872 purissimo
592 851 609 867 et

48 874 144 896 margaritis,
155 876 171 891 et
179 878 236 896 peram
245 874 266 891 ad
276 874 368 897 corporalia
378 874 409 891 filis
419 875 475 891 aureis
483 875 563 897 insertis,
574 875 618 892 miri>

48 899 98 920 operis
108 900 125 916 et
134 898 205 916 decoris.
217 899 306 916 Habebant
315 900 363 916 etiam
373 899 435 916 calices
444 899 471 916 alii
480 904 521 917 suas
530 904 579 922 peras
587 899 609 917 111

49 924 135 946 corporalia
144 928 165 941 ex
174 928 245 946 purpura
255 926 271 941 et
280 924 385 946 auripbrigiis
393 924 488 941 adornatas.
497 924 548 942 Erant
555 924 609 942 fistule

49 948 116 970 quinque
126 948 148 965 ad
157 949 312 966 communicandum
324 950 404 971 argentee
415 948 500 966 deaurare.
513 949 563 966 Erant
573 950 610 967 cole

49 975 123 994 argentee
136 977 205 995 novem,
218 978 248 995 per
260 978 302 995 quas
314 974 370 991 vinum
379 975 445 996 poterat
454 974 505 991 colari
515 975 529 991 si
538 979 610 992 necesse

49 996 112 1019 suisset;
122 999 178 1020 preter
188 1002 224 1015 earu
234 1003 266 1020 que
276 998 356 1015 attinebat
364 998 412 1015 calici
422 1003 482 1021 aureo,
495 999 552 1016 etheo
561 1004 610 1016 aurea

49 1024 84 1039 erat.
96 1022 134 1040 Hoc
145 1027 197 1040 aureo
210 1023 262 1040 calice
275 1023 322 1040 solus
333 1023 409 1045 pontifex
417 1023 445 1041 vel
454 1024 528 1046 prelatus
538 1025 610 1041 ecclesie

50 1047 109 1064 maioris
123 1048 140 1064 in
154 1048 222 1064 summis
234 1047 352 1065 festivitatibus
365 1047 445 1065 utebatur.
458 1048 490 1066 Alii
503 1049 536 1066 duo
549 1049 610 1066 calices

50 1072 88 1089 tante
97 1073 145 1089 erant
153 1073 260 1094 quantitatis,
274 1072 319 1095 qnod
328 1077 365 1089 curn
374 1073 416 1095 ipsis
425 1073 481 1091 divina
490 1074 570 1096 mysteria
579 1078 610 1090 ne-

65 1101 131 1113 ΙΟΕΙΞΙΙΙ
140 1102 201 1113 remus.
211 1103 222 1113 2,
496 1101 512 1114 ¹⁷
