738 1221
139 67 162 84 22
328 73 395 86 mnu
406 74 518 86 contra-inus.

98 111 131 125 1²86
140 110 178 126 runt
182 114 187 131 ;
194 109 261 131 propter
271 108 303 126 hoo
309 108 377 126 luerunt
385 108 408 126 illi
415 109 462 126 cives
470 108 519 126 eiecti
526 108 548 125 ‹le
555 108 622 126 civitate
629 109 702 126 eteorum

139 133 199 151 domus
211 133 296 151 destructe
307 134 324 151 et
335 137 393 150 eorum
404 138 431 151 res
443 138 453 150 a
467 133 549 151 iudieibus
563 133 658 150 eoniiscate.
674 133 702 150 So-

139 163 186 176 rores
199 157 221 175 de
237 159 297 175 saneto
312 158 390 175 ‚iohanne
406 158 438 175 sub
453 158 495 175 Tilia
509 157 572 175 ordinis
586 157 702 175 medicatorum

139 184 197 200 eontra
209 183 303 200 libertatem
313 182 431 204 religiosorum
439 183 528 204 sexaginta
538 187 603 200 mareas
615 182 655 200 dare
664 187 673 199 a
680 183 702 199 ei-

139 208 188 225 vibus
199 207 308 229 cogebantur.
325 207 395 230 Philippi
407 209 424 225 et
432 207 492 225 Jacobi
500 207 541 229 [mai
553 207 572 229 1]
585 207 632 224 nives
640 206 702 229 Argen-

140 233 215 250 tinenses
222 232 239 249 in
246 232 294 254 aquis
302 233 318 249 et
328 232 400 249 navibus
412 232 461 249 ludos
471 233 580 249 exercuerunt
584 237 589 254 ;
607 232 629 249 ad
640 233 702 254 specta-

140 257 195 274 culum
207 261 247 274 vero
258 257 347 274 venientes
362 262 412 279 supra
424 259 493 279 pontem
505 261 525 274 se
538 258 646 279 receperunt,
660 258 676 274 et
685 261 702 274 eu

140 281 212 299 cadente
225 282 283 304 plures
296 282 413 299 miserabiliter
426 282 516 304 perierunt.
539 281 575 299 Rex
584 281 665 299 Rudolius
675 281 702 298 ob-

141 306 185 324 sedit
198 306 276 329 oppidum
287 306 383 328 Luterbnrg
395 307 472 329 episcopi
481 306 566 329 Spirensis
579 306 643 328 aliquoi
656 306 703 328 septi-

141 331 194 348 manis
199 337 203 353 ;
214 332 242 353 qui
250 332 329 349 resistere
340 332 377 353 regi
386 336 420 349 non
429 331 506 348 valentes
513 335 532 348 se
541 332 587 353 regis
594 332 648 353 gratie
656 330 703 348 tradi-

141 356 206 373 derunt.
224 356 320 378 Episcopus
327 356 431 373 Trevirensis
439 356 485 373 obiit.
499 356 567 378 Capella
580 356 596 373 in
605 356 704 378 Hugshoven

141 381 247 398 reedificatur
261 385 271 398 a
285 381 376 398 venerabili
389 381 449 398 abbate
466 380 544 398 Conrado
560 381 582 398 de
593 381 665 398 Dickere
676 384 703 402 une

141 410 186 423 anno
193 405 298 423 m.o.1xxx.vi.
307 406 361 423 iuerat
367 406 451 423 inchoata.
463 405 520 428 Ipsum
528 407 583 423 autem
592 405 704 423 monasterium

141 430 172 448 luit
180 431 276 448 inchoatum
285 430 394 448 aWernhero
404 431 463 448 comite
468 430 489 447 do
493 429 580 448 Oriiberoh
587 430 633 447 dicto
639 430 659 448 de
663 430 703 447 Hur-

141 456 213 478 ningen,
228 455 275 472 ouius
286 455 375 477 longitudo
391 457 429 473 oeto
443 455 504 477 pedum
518 455 585 478 depicta
599 455 704 473 communium

141 481 158 497 in
166 480 225 500 eodem
232 480 334 497 monasterio
344 480 431 502 reperitur.
443 479 478 497 Rex
485 479 566 497 liudolfus
574 480 619 497 misit
626 480 704 497 dominum

141 504 236 522 Heinrieum
250 505 348 527 episcopum
356 505 465 522 Basiliensem
477 505 540 522 ordinis
551 504 618 522 fratrum
628 504 704 522 minorum

142 529 163 546 ari
171 534 231 552 paparn
242 529 264 546 ad
272 529 339 547 diversa
347 530 416 551 negotia
427 529 538 552 terminanda;
554 534 598 552 papa
609 534 651 547 vero
662 529 704 551 epiS-

142 558 202 576 copuin
209 554 319 571 Basiiiensem
327 554 470 577 arehiepiscopum
478 554 600 577 maguntinum,
607 554 704 577 prepositum

141 583 183 596 vero
190 578 315 601 Magantinum,
329 579 394 596 scilieet
402 579 481 602 Divitem,
494 580 591 601 episcopum
600 579 705 596 Basiliensem

141 603 218 621 faciebat.
234 603 300 621 Domini
313 603 333 621 de
343 604 457 626 Lichtenherg
464 604 525 621 curium
535 608 588 626 prope
597 603 705 624 Liehtenberg

143 628 256 651 celebrabant,
264 628 286 646 ad
294 633 343 651 quam
350 633 381 651 per
388 633 408 646 se
415 631 432 646 et
440 634 470 651 per
476 629 519 646 alios
527 629 606 651 plurimos
612 628 705 646 invitabunt.

142 653 206 671 Eodem
217 655 291 676 ternpore
305 654 373 676 legatus
386 655 469 676 cognatus
481 655 498 671 et
509 658 519 671 a
528 654 580 671 latere
590 658 636 676 pape
649 653 705 671 missus

142 682 179 695 cum
189 678 264 700 plenaria
270 680 355 701 potestate
365 679 446 696 Basilearn
453 679 500 696 venit
510 680 527 696 et
534 678 618 696 dominum
625 678 706 696 Basilicu-

142 707 178 720 sem
185 703 256 720 eiectum
267 703 378 720 consecravit.
393 703 475 725 Turegum
489 704 565 721 exustum
580 705 606 721 est
617 708 648 726 pro
661 702 706 720 tercia

142 728 190 749 parte
200 729 269 749 propter
282 732 338 745 eorum
350 728 444 750 superbiam
458 729 477 745 ut
488 732 519 750 per
530 728 620 745 obsessum
634 727 706 745 diabolus

142 752 224 769 recitavit.
244 752 326 770 Dominus
341 752 430 770 lleinrivus
445 753 536 775 episeopus
551 753 652 770 Basiliensis
662 752 708 769 irater

143 776 206 794 ordinis
214 776 296 794 Minorum
305 777 358 794 iactus
369 777 505 800 archiepiscopus
513 778 622 799 Maguntinus
635 778 707 799 receptus

143 802 170 818 est
180 803 238 819 contra
246 806 293 824 spem
303 806 313 819 a
322 802 358 819 suis
367 802 438 819 subditis
450 802 530 824 gloriose.
543 802 624 820 Rudoli'us
636 807 666 820 rex
677 801 707 819 duo

143 827 199 843 eastra
207 826 256 843 sortia
268 826 329 844 domini
342 826 363 844 de
373 827 472 844 Wirtinberc
481 827 557 845 noscitur
565 827 655 845 obsedisse
667 828 683 844 et
690 830 707 843 ea

143 851 161 868 iu
172 851 219 868 brevi
227 853 302 874 ternpore
309 851 421 869 intelleximus
434 856 548 874 expugnasse.
564 852 603 875 lpse
613 852 665 869 eciam
677 851 707 869 do-

143 876 199 893 minus
215 875 236 893 de
251 876 352 894 Wirtinberc
366 878 449 898 cognatus
463 877 509 899 regis
523 876 607 894 obsessus
620 877 642 894 de
656 878 707 894 east-ro

144 900 233 918 descendit
241 902 258 918 et
264 900 285 918 ad
293 901 347 923 pedes
357 901 446 919 advolutus
454 906 473 918 se
482 903 499 919 et
508 906 539 919 sua
547 901 614 919 tradidit
623 902 640 919 in
648 901 707 923 regiam

143 926 249 947 potestatem.
263 925 303 943 Post
313 925 373 943 i'esturn
384 928 442 944 sancte
449 926 545 948 Margarete
552 926 589 948 [iul.
597 926 628 949 13]
637 931 681 944 nova
689 925 708 942 de

144 949 228 967 Friderieo
237 951 337 972 imperatore
350 951 435 973 peregrini
445 951 462 968 in
470 950 550 968 Aisatiam
563 951 659 968 retulerunt.
675 950 708 968 Rex

145 974 226 992 Rudolsus
239 974 306 992 obsedit
321 975 359 998 plus
374 980 423 997 quam
438 976 497 998 viginti
512 976 610 998 septimanis
626 975 708 993 castellum

146 999 191 1021 quod
200 999 260 1017 dieitur
266 999 341 1022 Stutgart
351 1000 396 1022 quod
408 1001 457 1018 situm
467 1002 493 1018 est
504 1002 557 1023 prope
568 1001 674 1023 Ezzelingen.
690 999 709 1017 Et

145 1024 191 1041 tedio
203 1024 272 1041 affectus
287 1029 317 1042 rex
331 1025 425 1047 composuit
438 1030 474 1042 eum
487 1025 556 1043 domino
571 1025 592 1043 de
605 1025 708 1046 Wirtiubere,

145 1050 162 1066 et
170 1049 191 1066 ad
200 1049 274 1071 legatum
283 1050 300 1067 in
308 1049 372 1072 Spiram
383 1051 440 1067 venire
448 1050 532 1072 disposuit
541 1050 645 1068 festinanter.
657 1050 676 1067 ln
684 1048 708 1066 die

145 1074 235 1091 animarum
243 1073 290 1095 [novi
298 1074 318 1096 2]
326 1075 373 1092 venit
380 1075 447 1097 legatus
456 1075 473 1092 in
481 1074 606 1093 Coinmbarium.
620 1074 710 1093 Commissa
