<?xml version="1.0" encoding="UTF-8"?>
<!DOCTYPE html PUBLIC "-//W3C//DTD XHTML 1.0 Transitional//EN"
    "http://www.w3.org/TR/xhtml1/DTD/xhtml1-transitional.dtd">
<html xmlns="http://www.w3.org/1999/xhtml" xml:lang="en" lang="en">
 <head>
  <title>
</title>
<meta http-equiv="Content-Type" content="text/html;charset=utf-8" />
  <meta name='ocr-system' content='tesseract 3.04.00' />
  <meta name='ocr-capabilities' content='ocr_page ocr_carea ocr_par ocr_line ocrx_word'/>
</head>
<body>
  <div class='ocr_page' id='page_1' title='image "./fontesrerumgerm05hubegoog_0629.png"; bbox 0 0 738 1221; ppageno 0'>
   <div class='ocr_carea' id='block_1_1' title="bbox 63 91 93 105">
    <p class='ocr_par' dir='ltr' id='par_1_1' title="bbox 63 91 93 105">
     <span class='ocr_line' id='line_1_1' title="bbox 63 91 93 105; baseline 0 0"><span class='ocrx_word' id='word_1_1' title='bbox 63 91 93 105; x_wconf 74' lang='lat' dir='ltr'><strong>isit</strong></span> 
     </span>
    </p>
   </div>
   <div class='ocr_carea' id='block_1_2' title="bbox 103 46 495 65">
    <p class='ocr_par' dir='ltr' id='par_1_2' title="bbox 103 46 495 65">
     <span class='ocr_line' id='line_1_2' title="bbox 103 46 495 65; baseline 0.003 -2"><span class='ocrx_word' id='word_1_2' title='bbox 103 46 138 63; x_wconf 77' lang='lat'><strong>568</strong></span> <span class='ocrx_word' id='word_1_3' title='bbox 279 53 359 65; x_wconf 68' lang='lat' dir='ltr'><strong>cunosrcon</strong></span> <span class='ocrx_word' id='word_1_4' title='bbox 372 53 495 65; x_wconf 71' lang='lat' dir='ltr'><strong>osrnuovrzxsu.</strong></span> 
     </span>
    </p>
   </div>
   <div class='ocr_carea' id='block_1_3' title="bbox 102 88 678 1071">
    <p class='ocr_par' dir='ltr' id='par_1_3' title="bbox 102 88 674 579">
     <span class='ocr_line' id='line_1_3' title="bbox 104 88 671 111; baseline 0.002 -7"><span class='ocrx_word' id='word_1_5' title='bbox 104 88 202 105; x_wconf 67' lang='lat' dir='ltr'><strong>instanciam</strong></span> <span class='ocrx_word' id='word_1_6' title='bbox 216 88 273 105; x_wconf 76' lang='lat' dir='ltr'><strong>relicte</strong></span> <span class='ocrx_word' id='word_1_7' title='bbox 286 88 348 105; x_wconf 78' lang='lat' dir='ltr'><strong>Alherti</strong></span> <span class='ocrx_word' id='word_1_8' title='bbox 360 88 406 109; x_wconf 81' lang='lat' dir='ltr'><strong>regis</strong></span> <span class='ocrx_word' id='word_1_9' title='bbox 418 88 467 104; x_wconf 78' lang='lat' dir='ltr'><strong>amite</strong></span> <span class='ocrx_word' id='word_1_10' title='bbox 479 92 515 105; x_wconf 84' lang='lat' dir='ltr'><strong>sue.</strong></span> <span class='ocrx_word' id='word_1_11' title='bbox 529 88 549 105; x_wconf 80' lang='lat' dir='ltr'><strong>Et</strong></span> <span class='ocrx_word' id='word_1_12' title='bbox 561 88 608 105; x_wconf 81' lang='lat' dir='ltr'><strong>locus</strong></span> <span class='ocrx_word' id='word_1_13' title='bbox 617 89 671 111; x_wconf 84' lang='lat' dir='ltr'><strong>ipsius</strong></span> 
     </span>
     <span class='ocr_line' id='line_1_4' title="bbox 102 112 670 135; baseline 0.002 -6"><span class='ocrx_word' id='word_1_14' title='bbox 102 113 181 134; x_wconf 81' lang='lat' dir='ltr'><strong>colloquii</strong></span> <span class='ocrx_word' id='word_1_15' title='bbox 188 112 276 135; x_wconf 88' lang='lat' dir='ltr'><strong>deputatur</strong></span> <span class='ocrx_word' id='word_1_16' title='bbox 284 113 342 129; x_wconf 76' lang='lat' dir='ltr'><strong>oIVitas</strong></span> <span class='ocrx_word' id='word_1_17' title='bbox 346 112 455 129; x_wconf 82' lang='lat' dir='ltr'><strong>Pataviensis.</strong></span> <span class='ocrx_word' id='word_1_18' title='bbox 464 112 496 130; x_wconf 85' lang='lat' dir='ltr'><strong>Ubi</strong></span> <span class='ocrx_word' id='word_1_19' title='bbox 506 113 608 130; x_wconf 82' lang='lat' dir='ltr'><strong>conveniunt</strong></span> <span class='ocrx_word' id='word_1_20' title='bbox 616 113 633 130; x_wconf 87' lang='lat' dir='ltr'><strong>in</strong></span> <span class='ocrx_word' id='word_1_21' title='bbox 642 113 670 130; x_wconf 81' lang='lat' dir='ltr'><strong>die</strong></span> 
     </span>
     <span class='ocr_line' id='line_1_5' title="bbox 103 136 670 160; baseline 0 -6"><span class='ocrx_word' id='word_1_22' title='bbox 103 137 239 155; x_wconf 80' lang='lat' dir='ltr'><strong>annuuciaciouis</strong></span> <span class='ocrx_word' id='word_1_23' title='bbox 252 136 306 160; x_wconf 71' lang='lat' dir='ltr'><strong>[miirz</strong></span> <span class='ocrx_word' id='word_1_24' title='bbox 318 136 350 160; x_wconf 85' lang='lat'><strong>25]</strong></span> <span class='ocrx_word' id='word_1_25' title='bbox 364 137 402 159; x_wconf 78' lang='lat' dir='ltr'><strong>ipsa</strong></span> <span class='ocrx_word' id='word_1_26' title='bbox 414 137 471 154; x_wconf 74' lang='lat' dir='ltr'><strong>relicta</strong></span> <span class='ocrx_word' id='word_1_27' title='bbox 485 137 559 159; x_wconf 82' lang='lat' dir='ltr'><strong>predicta</strong></span> <span class='ocrx_word' id='word_1_28' title='bbox 575 142 612 154; x_wconf 73' lang='lat' dir='ltr'><strong>num</strong></span> <span class='ocrx_word' id='word_1_29' title='bbox 627 137 670 155; x_wconf 78' lang='lat' dir='ltr'><strong>duce</strong></span> 
     </span>
     <span class='ocr_line' id='line_1_6' title="bbox 102 162 670 184; baseline 0.002 -6"><span class='ocrx_word' id='word_1_30' title='bbox 102 162 170 179; x_wconf 79' lang='lat' dir='ltr'><strong>Anstrie</strong></span> <span class='ocrx_word' id='word_1_31' title='bbox 180 162 213 179; x_wconf 81' lang='lat' dir='ltr'><strong>silio</strong></span> <span class='ocrx_word' id='word_1_32' title='bbox 223 166 255 178; x_wconf 88' lang='lat' dir='ltr'><strong>suo</strong></span> <span class='ocrx_word' id='word_1_33' title='bbox 266 163 283 178; x_wconf 83' lang='lat' dir='ltr'><strong>et</strong></span> <span class='ocrx_word' id='word_1_34' title='bbox 292 162 319 178; x_wconf 87' lang='lat' dir='ltr'><strong>alii</strong></span> <span class='ocrx_word' id='word_1_35' title='bbox 328 162 405 184; x_wconf 76' lang='lat' dir='ltr'><strong>pociores</strong></span> <span class='ocrx_word' id='word_1_36' title='bbox 417 163 459 178; x_wconf 84' lang='lat' dir='ltr'><strong>terre</strong></span> <span class='ocrx_word' id='word_1_37' title='bbox 469 166 509 184; x_wconf 79' lang='lat' dir='ltr'><strong>sue,</strong></span> <span class='ocrx_word' id='word_1_38' title='bbox 519 164 536 179; x_wconf 78' lang='lat' dir='ltr'><strong>et</strong></span> <span class='ocrx_word' id='word_1_39' title='bbox 544 162 621 179; x_wconf 85' lang='lat' dir='ltr'><strong>dominus</strong></span> <span class='ocrx_word' id='word_1_40' title='bbox 631 162 670 179; x_wconf 82' lang='lat' dir='ltr'><strong>Otto</strong></span> 
     </span>
     <span class='ocr_line' id='line_1_7' title="bbox 104 185 670 210; baseline 0.002 -7"><span class='ocrx_word' id='word_1_41' title='bbox 104 191 133 204; x_wconf 85' lang='lat' dir='ltr'><strong>rex</strong></span> <span class='ocrx_word' id='word_1_42' title='bbox 142 191 178 204; x_wconf 82' lang='lat' dir='ltr'><strong>eum</strong></span> <span class='ocrx_word' id='word_1_43' title='bbox 188 186 226 204; x_wconf 87' lang='lat' dir='ltr'><strong>liliis</strong></span> <span class='ocrx_word' id='word_1_44' title='bbox 235 186 297 203; x_wconf 86' lang='lat' dir='ltr'><strong>domini</strong></span> <span class='ocrx_word' id='word_1_45' title='bbox 306 186 386 208; x_wconf 72' lang='lat' dir='ltr'>Stephani</span> <span class='ocrx_word' id='word_1_46' title='bbox 396 186 443 203; x_wconf 85' lang='lat' dir='ltr'><strong>ducis</strong></span> <span class='ocrx_word' id='word_1_47' title='bbox 453 185 512 204; x_wconf 84' lang='lat' dir='ltr'><strong>Ottone</strong></span> <span class='ocrx_word' id='word_1_48' title='bbox 521 187 627 210; x_wconf 74' lang='lat' dir='ltr'><strong>etHeiurico,</strong></span> <span class='ocrx_word' id='word_1_49' title='bbox 636 187 670 204; x_wconf 78' lang='lat' dir='ltr'><strong>Ru-</strong></span> 
     </span>
     <span class='ocr_line' id='line_1_8' title="bbox 103 211 670 233; baseline 0 -4"><span class='ocrx_word' id='word_1_50' title='bbox 103 211 159 229; x_wconf 77' lang='lat' dir='ltr'><strong>unitus</strong></span> <span class='ocrx_word' id='word_1_51' title='bbox 175 213 191 228; x_wconf 83' lang='lat' dir='ltr'><strong>et</strong></span> <span class='ocrx_word' id='word_1_52' title='bbox 203 211 294 228; x_wconf 86' lang='lat' dir='ltr'><strong>Ludwious</strong></span> <span class='ocrx_word' id='word_1_53' title='bbox 307 212 377 228; x_wconf 84' lang='lat' dir='ltr'><strong>comites</strong></span> <span class='ocrx_word' id='word_1_54' title='bbox 390 211 458 233; x_wconf 76' lang='lat' dir='ltr'><strong>palatini</strong></span> <span class='ocrx_word' id='word_1_55' title='bbox 470 211 519 233; x_wconf 69' lang='lat' dir='ltr'><strong>lieni,</strong></span> <span class='ocrx_word' id='word_1_56' title='bbox 533 211 621 229; x_wconf 81' lang='lat' dir='ltr'><strong>Hainricus</strong></span> <span class='ocrx_word' id='word_1_57' title='bbox 636 212 670 229; x_wconf 85' lang='lat' dir='ltr'><strong>dux</strong></span> 
     </span>
     <span class='ocr_line' id='line_1_9' title="bbox 103 235 670 259; baseline 0.002 -6"><span class='ocrx_word' id='word_1_58' title='bbox 103 236 196 258; x_wconf 67' lang='lat' dir='ltr'><strong>karinthie,</strong></span> <span class='ocrx_word' id='word_1_59' title='bbox 210 238 227 253; x_wconf 87' lang='lat' dir='ltr'><strong>et</strong></span> <span class='ocrx_word' id='word_1_60' title='bbox 239 236 308 253; x_wconf 76' lang='lat' dir='ltr'><strong>comites</strong></span> <span class='ocrx_word' id='word_1_61' title='bbox 317 236 338 253; x_wconf 88' lang='lat' dir='ltr'><strong>de</strong></span> <span class='ocrx_word' id='word_1_62' title='bbox 347 235 452 253; x_wconf 77' lang='lat' dir='ltr'><strong>Ortenburch</strong></span> <span class='ocrx_word' id='word_1_63' title='bbox 462 238 478 253; x_wconf 82' lang='lat' dir='ltr'><strong>et</strong></span> <span class='ocrx_word' id='word_1_64' title='bbox 487 236 507 253; x_wconf 86' lang='lat' dir='ltr'><strong>de</strong></span> <span class='ocrx_word' id='word_1_65' title='bbox 517 235 626 259; x_wconf 75' lang='lat' dir='ltr'><strong>Haimburch,</strong></span> <span class='ocrx_word' id='word_1_66' title='bbox 638 241 670 254; x_wconf 84' lang='lat' dir='ltr'><strong>co-</strong></span> 
     </span>
     <span class='ocr_line' id='line_1_10' title="bbox 104 260 671 283; baseline 0 -6"><span class='ocrx_word' id='word_1_67' title='bbox 104 261 153 278; x_wconf 84' lang='lat' dir='ltr'><strong>mites</strong></span> <span class='ocrx_word' id='word_1_68' title='bbox 166 260 187 277; x_wconf 87' lang='lat' dir='ltr'><strong>de</strong></span> <span class='ocrx_word' id='word_1_69' title='bbox 199 260 249 283; x_wconf 67' lang='lat' dir='ltr'><strong>Hals,</strong></span> <span class='ocrx_word' id='word_1_70' title='bbox 261 260 338 277; x_wconf 82' lang='lat' dir='ltr'><strong>domiuus</strong></span> <span class='ocrx_word' id='word_1_71' title='bbox 352 260 450 277; x_wconf 78' lang='lat' dir='ltr'><strong>Chunratlus</strong></span> <span class='ocrx_word' id='word_1_72' title='bbox 464 260 600 283; x_wconf 73' lang='lat' dir='ltr'><strong>archiepiscopus</strong></span> <span class='ocrx_word' id='word_1_73' title='bbox 611 261 671 278; x_wconf 82' lang='lat' dir='ltr'><strong>Salcz-</strong></span> 
     </span>
     <span class='ocr_line' id='line_1_11' title="bbox 104 285 672 308; baseline 0.002 -6"><span class='ocrx_word' id='word_1_74' title='bbox 104 285 202 308; x_wconf 66' lang='lat' dir='ltr'><strong>purgensis,</strong></span> <span class='ocrx_word' id='word_1_75' title='bbox 217 285 330 302; x_wconf 80' lang='lat' dir='ltr'><strong>Wernhardus</strong></span> <span class='ocrx_word' id='word_1_76' title='bbox 342 285 455 307; x_wconf 74' lang='lat' dir='ltr'><strong>Pataviensis,</strong></span> <span class='ocrx_word' id='word_1_77' title='bbox 471 285 558 302; x_wconf 64' lang='lat' dir='ltr'><strong>lohannes</strong></span> <span class='ocrx_word' id='word_1_78' title='bbox 574 285 672 303; x_wconf 82' lang='lat' dir='ltr'><strong>Brixnensis</strong></span> 
     </span>
     <span class='ocr_line' id='line_1_12' title="bbox 104 310 672 332; baseline -0.002 -4"><span class='ocrx_word' id='word_1_79' title='bbox 104 312 122 328; x_wconf 79' lang='lat' dir='ltr'><strong>et</strong></span> <span class='ocrx_word' id='word_1_80' title='bbox 131 323 143 327; x_wconf 84' lang='lat'><strong>..</strong></span> <span class='ocrx_word' id='word_1_81' title='bbox 151 310 240 327; x_wconf 78' lang='lat' dir='ltr'><strong>Gurcensis</strong></span> <span class='ocrx_word' id='word_1_82' title='bbox 250 310 330 332; x_wconf 65' lang='lat' dir='ltr'><strong>episcopi,</strong></span> <span class='ocrx_word' id='word_1_83' title='bbox 340 314 377 327; x_wconf 84' lang='lat' dir='ltr'><strong>cum</strong></span> <span class='ocrx_word' id='word_1_84' title='bbox 386 310 423 327; x_wconf 80' lang='lat' dir='ltr'><strong>aliis</strong></span> <span class='ocrx_word' id='word_1_85' title='bbox 433 310 487 327; x_wconf 83' lang='lat' dir='ltr'><strong>multis</strong></span> <span class='ocrx_word' id='word_1_86' title='bbox 497 310 569 332; x_wconf 79' lang='lat' dir='ltr'><strong>prelatis.</strong></span> <span class='ocrx_word' id='word_1_87' title='bbox 576 310 597 327; x_wconf 89' lang='lat' dir='ltr'><strong>Et</strong></span> <span class='ocrx_word' id='word_1_88' title='bbox 606 310 631 327; x_wconf 84' lang='lat' dir='ltr'><strong>sic</strong></span> <span class='ocrx_word' id='word_1_89' title='bbox 640 310 672 327; x_wconf 86' lang='lat' dir='ltr'><strong>du-</strong></span> 
     </span>
     <span class='ocr_line' id='line_1_13' title="bbox 105 334 672 356; baseline 0.002 -5"><span class='ocrx_word' id='word_1_90' title='bbox 105 335 148 352; x_wconf 83' lang='lat' dir='ltr'><strong>ravit</strong></span> <span class='ocrx_word' id='word_1_91' title='bbox 159 334 199 351; x_wconf 86' lang='lat' dir='ltr'><strong>illud</strong></span> <span class='ocrx_word' id='word_1_92' title='bbox 212 334 313 356; x_wconf 79' lang='lat' dir='ltr'><strong>colloquium</strong></span> <span class='ocrx_word' id='word_1_93' title='bbox 327 339 381 356; x_wconf 82' lang='lat' dir='ltr'><strong>usque</strong></span> <span class='ocrx_word' id='word_1_94' title='bbox 393 334 414 351; x_wconf 89' lang='lat' dir='ltr'><strong>ad</strong></span> <span class='ocrx_word' id='word_1_95' title='bbox 424 334 484 351; x_wconf 80' lang='lat' dir='ltr'><strong>festum</strong></span> <span class='ocrx_word' id='word_1_96' title='bbox 493 334 538 352; x_wconf 82' lang='lat' dir='ltr'><strong>beati</strong></span> <span class='ocrx_word' id='word_1_97' title='bbox 547 335 607 352; x_wconf 85' lang='lat' dir='ltr'><strong>Georii.</strong></span> <span class='ocrx_word' id='word_1_98' title='bbox 621 334 672 352; x_wconf 88' lang='lat' dir='ltr'><strong>Cuius</strong></span> 
     </span>
     <span class='ocr_line' id='line_1_14' title="bbox 106 358 673 381; baseline 0 -5"><span class='ocrx_word' id='word_1_99' title='bbox 106 359 142 376; x_wconf 79' lang='lat' dir='ltr'><strong>linis</strong></span> <span class='ocrx_word' id='word_1_100' title='bbox 152 359 189 376; x_wconf 85' lang='lat' dir='ltr'><strong>talis</strong></span> <span class='ocrx_word' id='word_1_101' title='bbox 199 361 242 376; x_wconf 84' lang='lat' dir='ltr'><strong>erat:</strong></span> <span class='ocrx_word' id='word_1_102' title='bbox 252 359 298 381; x_wconf 74' lang='lat' dir='ltr'><strong>quod</strong></span> <span class='ocrx_word' id='word_1_103' title='bbox 306 359 361 376; x_wconf 86' lang='lat' dir='ltr'><strong>dictus</strong></span> <span class='ocrx_word' id='word_1_104' title='bbox 370 358 409 376; x_wconf 84' lang='lat' dir='ltr'><strong>Otto</strong></span> <span class='ocrx_word' id='word_1_105' title='bbox 418 364 447 376; x_wconf 86' lang='lat' dir='ltr'><strong>rex</strong></span> <span class='ocrx_word' id='word_1_106' title='bbox 456 361 473 376; x_wconf 85' lang='lat' dir='ltr'><strong>et</strong></span> <span class='ocrx_word' id='word_1_107' title='bbox 482 360 508 376; x_wconf 90' lang='lat' dir='ltr'><strong>sui</strong></span> <span class='ocrx_word' id='word_1_108' title='bbox 517 359 604 377; x_wconf 69' lang='lat' dir='ltr'><strong>fratrueles</strong></span> <span class='ocrx_word' id='word_1_109' title='bbox 613 361 631 376; x_wconf 84' lang='lat' dir='ltr'><strong>et</strong></span> <span class='ocrx_word' id='word_1_110' title='bbox 637 359 673 377; x_wconf 81' lang='lat' dir='ltr'><strong>Fri-</strong></span> 
     </span>
     <span class='ocr_line' id='line_1_15' title="bbox 105 383 672 407; baseline 0 -6"><span class='ocrx_word' id='word_1_111' title='bbox 105 384 162 401; x_wconf 75' lang='lat' dir='ltr'><strong>drinus</strong></span> <span class='ocrx_word' id='word_1_112' title='bbox 175 383 209 401; x_wconf 85' lang='lat' dir='ltr'><strong>dux</strong></span> <span class='ocrx_word' id='word_1_113' title='bbox 220 383 288 401; x_wconf 84' lang='lat' dir='ltr'><strong>Austrie</strong></span> <span class='ocrx_word' id='word_1_114' title='bbox 299 388 336 401; x_wconf 79' lang='lat' dir='ltr'><strong>cum</strong></span> <span class='ocrx_word' id='word_1_115' title='bbox 345 383 412 401; x_wconf 84' lang='lat' dir='ltr'><strong>domina</strong></span> <span class='ocrx_word' id='word_1_116' title='bbox 421 384 479 405; x_wconf 77' lang='lat' dir='ltr'><strong>regina</strong></span> <span class='ocrx_word' id='word_1_117' title='bbox 489 385 506 401; x_wconf 90' lang='lat' dir='ltr'><strong>et</strong></span> <span class='ocrx_word' id='word_1_118' title='bbox 514 384 550 401; x_wconf 85' lang='lat' dir='ltr'><strong>suis</strong></span> <span class='ocrx_word' id='word_1_119' title='bbox 563 384 600 401; x_wconf 83' lang='lat' dir='ltr'><strong>filiis</strong></span> <span class='ocrx_word' id='word_1_120' title='bbox 608 384 626 401; x_wconf 84' lang='lat' dir='ltr'><strong>iu</strong></span> <span class='ocrx_word' id='word_1_121' title='bbox 635 384 672 407; x_wconf 88' lang='lat' dir='ltr'><strong>ple-</strong></span> 
     </span>
     <span class='ocr_line' id='line_1_16' title="bbox 105 408 673 430; baseline 0.002 -5"><span class='ocrx_word' id='word_1_122' title='bbox 105 413 143 426; x_wconf 86' lang='lat' dir='ltr'><strong>nam</strong></span> <span class='ocrx_word' id='word_1_123' title='bbox 156 408 262 426; x_wconf 71' lang='lat' dir='ltr'><strong>concordiam</strong></span> <span class='ocrx_word' id='word_1_124' title='bbox 275 408 369 430; x_wconf 82' lang='lat' dir='ltr'><strong>redierunt,</strong></span> <span class='ocrx_word' id='word_1_125' title='bbox 379 410 395 426; x_wconf 90' lang='lat' dir='ltr'><strong>et</strong></span> <span class='ocrx_word' id='word_1_126' title='bbox 408 410 466 426; x_wconf 80' lang='lat' dir='ltr'><strong>contra</strong></span> <span class='ocrx_word' id='word_1_127' title='bbox 475 413 541 426; x_wconf 84' lang='lat' dir='ltr'><strong>omnem</strong></span> <span class='ocrx_word' id='word_1_128' title='bbox 550 408 633 426; x_wconf 83' lang='lat' dir='ltr'><strong>hominem</strong></span> <span class='ocrx_word' id='word_1_129' title='bbox 642 413 673 426; x_wconf 85' lang='lat' dir='ltr'><strong>ex-</strong></span> 
     </span>
     <span class='ocr_line' id='line_1_17' title="bbox 105 433 673 456; baseline 0 -6"><span class='ocrx_word' id='word_1_130' title='bbox 105 435 155 456; x_wconf 78' lang='lat' dir='ltr'><strong>cepto</strong></span> <span class='ocrx_word' id='word_1_131' title='bbox 168 433 237 455; x_wconf 84' lang='lat' dir='ltr'><strong>irnperio</strong></span> <span class='ocrx_word' id='word_1_132' title='bbox 251 437 270 450; x_wconf 84' lang='lat' dir='ltr'><strong>se</strong></span> <span class='ocrx_word' id='word_1_133' title='bbox 283 433 340 450; x_wconf 83' lang='lat' dir='ltr'><strong>iuvare</strong></span> <span class='ocrx_word' id='word_1_134' title='bbox 349 435 405 450; x_wconf 85' lang='lat' dir='ltr'><strong>mutuo</strong></span> <span class='ocrx_word' id='word_1_135' title='bbox 414 434 519 456; x_wconf 80' lang='lat' dir='ltr'><strong>iuraverunt,</strong></span> <span class='ocrx_word' id='word_1_136' title='bbox 529 435 625 451; x_wconf 72' lang='lat' dir='ltr'><strong>remanente</strong></span> <span class='ocrx_word' id='word_1_137' title='bbox 634 433 673 450; x_wconf 88' lang='lat' dir='ltr'><strong>duol</strong></span> 
     </span>
     <span class='ocr_line' id='line_1_18' title="bbox 105 457 673 480; baseline -0.002 -4"><span class='ocrx_word' id='word_1_138' title='bbox 105 457 173 476; x_wconf 82' lang='lat' dir='ltr'><strong>Austrie</strong></span> <span class='ocrx_word' id='word_1_139' title='bbox 186 457 256 475; x_wconf 69' lang='lat' dir='ltr'><strong>castello</strong></span> <span class='ocrx_word' id='word_1_140' title='bbox 269 457 375 480; x_wconf 70' lang='lat' dir='ltr'><strong>Wemstain,</strong></span> <span class='ocrx_word' id='word_1_141' title='bbox 389 458 434 480; x_wconf 84' lang='lat' dir='ltr'><strong>quod</strong></span> <span class='ocrx_word' id='word_1_142' title='bbox 447 458 538 475; x_wconf 80' lang='lat' dir='ltr'><strong>iuramento</strong></span> <span class='ocrx_word' id='word_1_143' title='bbox 552 458 622 475; x_wconf 76' lang='lat' dir='ltr'><strong>firmavit</strong></span> <span class='ocrx_word' id='word_1_144' title='bbox 636 463 673 475; x_wconf 83' lang='lat' dir='ltr'><strong>cum</strong></span> 
     </span>
     <span class='ocr_line' id='line_1_19' title="bbox 106 482 672 505; baseline 0.002 -6"><span class='ocrx_word' id='word_1_145' title='bbox 106 482 205 505; x_wconf 73' lang='lat' dir='ltr'><strong>quibusdam</strong></span> <span class='ocrx_word' id='word_1_146' title='bbox 214 482 345 505; x_wconf 81' lang='lat' dir='ltr'><strong>approbantibus</strong></span> <span class='ocrx_word' id='word_1_147' title='bbox 355 487 394 500; x_wconf 79' lang='lat' dir='ltr'><strong>esse</strong></span> <span class='ocrx_word' id='word_1_148' title='bbox 403 482 425 500; x_wconf 86' lang='lat' dir='ltr'><strong>de</strong></span> <span class='ocrx_word' id='word_1_149' title='bbox 436 484 478 500; x_wconf 83' lang='lat' dir='ltr'><strong>terra</strong></span> <span class='ocrx_word' id='word_1_150' title='bbox 487 482 580 505; x_wconf 67' lang='lat' dir='ltr'><strong>monnica,</strong></span> <span class='ocrx_word' id='word_1_151' title='bbox 590 484 672 500; x_wconf 77' lang='lat' dir='ltr'><strong>castrum-</strong></span> 
     </span>
     <span class='ocr_line' id='line_1_20' title="bbox 106 507 674 530; baseline 0 -6"><span class='ocrx_word' id='word_1_152' title='bbox 106 512 139 529; x_wconf 80' lang='lat' dir='ltr'><strong>que</strong></span> <span class='ocrx_word' id='word_1_153' title='bbox 148 512 196 524; x_wconf 83' lang='lat' dir='ltr'><strong>suum</strong></span> <span class='ocrx_word' id='word_1_154' title='bbox 205 507 305 524; x_wconf 81' lang='lat' dir='ltr'><strong>Neunhurch</strong></span> <span class='ocrx_word' id='word_1_155' title='bbox 317 508 353 524; x_wconf 84' lang='lat' dir='ltr'><strong>sine</strong></span> <span class='ocrx_word' id='word_1_156' title='bbox 363 507 435 529; x_wconf 90' lang='lat' dir='ltr'><strong>dampno</strong></span> <span class='ocrx_word' id='word_1_157' title='bbox 448 508 549 530; x_wconf 75' lang='lat' dir='ltr'><strong>principatus</strong></span> <span class='ocrx_word' id='word_1_158' title='bbox 558 507 636 525; x_wconf 81' lang='lat' dir='ltr'><strong>Bawarie</strong></span> <span class='ocrx_word' id='word_1_159' title='bbox 645 512 674 524; x_wconf 86' lang='lat' dir='ltr'><strong>re-</strong></span> 
     </span>
     <span class='ocr_line' id='line_1_21' title="bbox 107 532 674 555; baseline 0 -6"><span class='ocrx_word' id='word_1_160' title='bbox 107 532 200 554; x_wconf 75' lang='lat' dir='ltr'><strong>edificabit,</strong></span> <span class='ocrx_word' id='word_1_161' title='bbox 209 532 253 554; x_wconf 79' lang='lat' dir='ltr'><strong>capti</strong></span> <span class='ocrx_word' id='word_1_162' title='bbox 262 532 315 549; x_wconf 81' lang='lat' dir='ltr'><strong>eciam</strong></span> <span class='ocrx_word' id='word_1_163' title='bbox 324 536 345 549; x_wconf 85' lang='lat' dir='ltr'><strong>ex</strong></span> <span class='ocrx_word' id='word_1_164' title='bbox 354 534 423 554; x_wconf 78' lang='lat' dir='ltr'><strong>utraque</strong></span> <span class='ocrx_word' id='word_1_165' title='bbox 433 533 479 554; x_wconf 89' lang='lat' dir='ltr'><strong>parte</strong></span> <span class='ocrx_word' id='word_1_166' title='bbox 488 532 535 549; x_wconf 83' lang='lat' dir='ltr'><strong>liberi</strong></span> <span class='ocrx_word' id='word_1_167' title='bbox 544 532 674 555; x_wconf 73' lang='lat' dir='ltr'><strong>dimittebantur,</strong></span> 
     </span>
     <span class='ocr_line' id='line_1_22' title="bbox 107 556 527 579; baseline 0.002 -6"><span class='ocrx_word' id='word_1_168' title='bbox 107 558 124 574; x_wconf 86' lang='lat' dir='ltr'><strong>et</strong></span> <span class='ocrx_word' id='word_1_169' title='bbox 133 556 198 574; x_wconf 88' lang='lat' dir='ltr'><strong>nobiles</strong></span> <span class='ocrx_word' id='word_1_170' title='bbox 207 561 228 573; x_wconf 85' lang='lat' dir='ltr'><strong>cx</strong></span> <span class='ocrx_word' id='word_1_171' title='bbox 237 558 307 578; x_wconf 84' lang='lat' dir='ltr'><strong>utraque</strong></span> <span class='ocrx_word' id='word_1_172' title='bbox 316 558 362 579; x_wconf 80' lang='lat' dir='ltr'><strong>parte</strong></span> <span class='ocrx_word' id='word_1_173' title='bbox 372 558 411 574; x_wconf 84' lang='lat' dir='ltr'><strong>sunt</strong></span> <span class='ocrx_word' id='word_1_174' title='bbox 420 557 527 574; x_wconf 79' lang='lat' dir='ltr'><strong>reconciliati.</strong></span> 
     </span>
    </p>

    <p class='ocr_par' dir='ltr' id='par_1_4' title="bbox 107 581 674 746">
     <span class='ocr_line' id='line_1_23' title="bbox 144 581 674 603; baseline 0 -5"><span class='ocrx_word' id='word_1_175' title='bbox 144 581 207 598; x_wconf 75' lang='lat' dir='ltr'><strong>Eodem</strong></span> <span class='ocrx_word' id='word_1_176' title='bbox 220 585 265 598; x_wconf 81' lang='lat' dir='ltr'><strong>anno</strong></span> <span class='ocrx_word' id='word_1_177' title='bbox 274 581 351 598; x_wconf 83' lang='lat' dir='ltr'><strong>dominus</strong></span> <span class='ocrx_word' id='word_1_178' title='bbox 361 581 400 598; x_wconf 88' lang='lat' dir='ltr'><strong>Otto</strong></span> <span class='ocrx_word' id='word_1_179' title='bbox 409 586 438 598; x_wconf 86' lang='lat' dir='ltr'><strong>rex</strong></span> <span class='ocrx_word' id='word_1_180' title='bbox 447 586 468 598; x_wconf 87' lang='lat' dir='ltr'><strong>ex</strong></span> <span class='ocrx_word' id='word_1_181' title='bbox 477 581 586 603; x_wconf 82' lang='lat' dir='ltr'><strong>permissione</strong></span> <span class='ocrx_word' id='word_1_182' title='bbox 596 581 674 598; x_wconf 83' lang='lat' dir='ltr'><strong>comitum</strong></span> 
     </span>
     <span class='ocr_line' id='line_1_24' title="bbox 107 605 674 628; baseline 0 -5"><span class='ocrx_word' id='word_1_183' title='bbox 107 608 124 624; x_wconf 84' lang='lat' dir='ltr'><strong>et</strong></span> <span class='ocrx_word' id='word_1_184' title='bbox 137 606 205 623; x_wconf 86' lang='lat' dir='ltr'><strong>aliorum</strong></span> <span class='ocrx_word' id='word_1_185' title='bbox 219 605 298 623; x_wconf 83' lang='lat' dir='ltr'><strong>nobilium</strong></span> <span class='ocrx_word' id='word_1_186' title='bbox 309 607 352 623; x_wconf 79' lang='lat' dir='ltr'><strong>terre</strong></span> <span class='ocrx_word' id='word_1_187' title='bbox 365 610 395 628; x_wconf 89' lang='lat' dir='ltr'><strong>pro</strong></span> <span class='ocrx_word' id='word_1_188' title='bbox 408 606 502 624; x_wconf 79' lang='lat' dir='ltr'><strong>relevandis</strong></span> <span class='ocrx_word' id='word_1_189' title='bbox 512 607 547 623; x_wconf 88' lang='lat' dir='ltr'><strong>suis</strong></span> <span class='ocrx_word' id='word_1_190' title='bbox 556 606 617 623; x_wconf 84' lang='lat' dir='ltr'><strong>debitis</strong></span> <span class='ocrx_word' id='word_1_191' title='bbox 626 611 674 624; x_wconf 79' lang='lat' dir='ltr'><strong>rece-</strong></span> 
     </span>
     <span class='ocr_line' id='line_1_25' title="bbox 107 631 673 654; baseline 0.002 -7"><span class='ocrx_word' id='word_1_192' title='bbox 107 631 131 654; x_wconf 81' lang='lat' dir='ltr'><strong>pit</strong></span> <span class='ocrx_word' id='word_1_193' title='bbox 139 632 231 653; x_wconf 83' lang='lat' dir='ltr'><strong>proventus</strong></span> <span class='ocrx_word' id='word_1_194' title='bbox 241 631 312 648; x_wconf 85' lang='lat' dir='ltr'><strong>omnium</strong></span> <span class='ocrx_word' id='word_1_195' title='bbox 324 631 440 653; x_wconf 78' lang='lat' dir='ltr'><strong>religiosorum</strong></span> <span class='ocrx_word' id='word_1_196' title='bbox 451 632 567 653; x_wconf 80' lang='lat' dir='ltr'><strong>episcoporum</strong></span> <span class='ocrx_word' id='word_1_197' title='bbox 577 632 593 648; x_wconf 89' lang='lat' dir='ltr'><strong>et</strong></span> <span class='ocrx_word' id='word_1_198' title='bbox 601 631 673 648; x_wconf 83' lang='lat' dir='ltr'><strong>virorum</strong></span> 
     </span>
     <span class='ocr_line' id='line_1_26' title="bbox 108 655 673 678; baseline 0 -6"><span class='ocrx_word' id='word_1_199' title='bbox 108 655 266 676; x_wconf 82' lang='lat' dir='ltr'><strong>ecelesiasticorum,</strong></span> <span class='ocrx_word' id='word_1_200' title='bbox 275 656 352 672; x_wconf 84' lang='lat' dir='ltr'><strong>comitum</strong></span> <span class='ocrx_word' id='word_1_201' title='bbox 362 657 379 672; x_wconf 90' lang='lat' dir='ltr'><strong>et</strong></span> <span class='ocrx_word' id='word_1_202' title='bbox 388 656 460 673; x_wconf 83' lang='lat' dir='ltr'><strong>omnium</strong></span> <span class='ocrx_word' id='word_1_203' title='bbox 469 656 538 673; x_wconf 81' lang='lat' dir='ltr'><strong>aliorum</strong></span> <span class='ocrx_word' id='word_1_204' title='bbox 547 655 633 678; x_wconf 81' lang='lat' dir='ltr'><strong>nobilium,</strong></span> <span class='ocrx_word' id='word_1_205' title='bbox 642 660 673 673; x_wconf 82' lang='lat' dir='ltr'><strong>ex-</strong></span> 
     </span>
     <span class='ocr_line' id='line_1_27' title="bbox 107 680 674 703; baseline 0 -6"><span class='ocrx_word' id='word_1_206' title='bbox 107 680 161 703; x_wconf 81' lang='lat' dir='ltr'><strong>ceptis</strong></span> <span class='ocrx_word' id='word_1_207' title='bbox 174 680 206 697; x_wconf 84' lang='lat' dir='ltr'><strong>hiis</strong></span> <span class='ocrx_word' id='word_1_208' title='bbox 215 680 243 702; x_wconf 84' lang='lat' dir='ltr'><strong>qui</strong></span> <span class='ocrx_word' id='word_1_209' title='bbox 253 680 323 702; x_wconf 83' lang='lat' dir='ltr'><strong>propriis</strong></span> <span class='ocrx_word' id='word_1_210' title='bbox 333 681 426 702; x_wconf 80' lang='lat' dir='ltr'><strong>sumptibus</strong></span> <span class='ocrx_word' id='word_1_211' title='bbox 435 680 544 703; x_wconf 81' lang='lat' dir='ltr'><strong>excolebant,</strong></span> <span class='ocrx_word' id='word_1_212' title='bbox 556 680 577 697; x_wconf 83' lang='lat' dir='ltr'><strong>ab</strong></span> <span class='ocrx_word' id='word_1_213' title='bbox 586 680 623 697; x_wconf 84' lang='lat' dir='ltr'><strong>aliis</strong></span> <span class='ocrx_word' id='word_1_214' title='bbox 632 684 674 697; x_wconf 87' lang='lat' dir='ltr'><strong>vero</strong></span> 
     </span>
     <span class='ocr_line' id='line_1_28' title="bbox 108 704 674 727; baseline 0.002 -6"><span class='ocrx_word' id='word_1_215' title='bbox 108 705 219 722; x_wconf 78' lang='lat' dir='ltr'><strong>mediocribus</strong></span> <span class='ocrx_word' id='word_1_216' title='bbox 233 706 249 721; x_wconf 85' lang='lat' dir='ltr'><strong>et</strong></span> <span class='ocrx_word' id='word_1_217' title='bbox 262 704 350 722; x_wconf 71' lang='lat' dir='ltr'><strong>humilibus</strong></span> <span class='ocrx_word' id='word_1_218' title='bbox 361 705 447 727; x_wconf 78' lang='lat' dir='ltr'><strong>utriusque</strong></span> <span class='ocrx_word' id='word_1_219' title='bbox 458 709 509 722; x_wconf 86' lang='lat' dir='ltr'><strong>sexus</strong></span> <span class='ocrx_word' id='word_1_220' title='bbox 521 706 584 727; x_wconf 79' lang='lat' dir='ltr'><strong>partem</strong></span> <span class='ocrx_word' id='word_1_221' title='bbox 598 706 674 722; x_wconf 77' lang='lat' dir='ltr'><strong>octavam</strong></span> 
     </span>
     <span class='ocr_line' id='line_1_29' title="bbox 108 729 396 746; baseline 0 0"><span class='ocrx_word' id='word_1_222' title='bbox 108 730 151 746; x_wconf 82' lang='lat' dir='ltr'><strong>sicut</strong></span> <span class='ocrx_word' id='word_1_223' title='bbox 160 731 177 746; x_wconf 82' lang='lat' dir='ltr'><strong>et</strong></span> <span class='ocrx_word' id='word_1_224' title='bbox 185 731 223 746; x_wconf 78' lang='lat' dir='ltr'><strong>ante</strong></span> <span class='ocrx_word' id='word_1_225' title='bbox 234 729 296 746; x_wconf 75' lang='lat' dir='ltr'><strong>fecerat</strong></span> <span class='ocrx_word' id='word_1_226' title='bbox 305 730 342 746; x_wconf 82' lang='lat' dir='ltr'><strong>vice</strong></span> <span class='ocrx_word' id='word_1_227' title='bbox 353 729 396 746; x_wconf 80' lang='lat' dir='ltr'><strong>bina.</strong></span> 
     </span>
    </p>

    <p class='ocr_par' dir='ltr' id='par_1_5' title="bbox 109 753 675 820">
     <span class='ocr_line' id='line_1_30' title="bbox 145 753 675 776; baseline 0.002 -6"><span class='ocrx_word' id='word_1_228' title='bbox 145 754 208 771; x_wconf 82' lang='lat' dir='ltr'><strong>Eodem</strong></span> <span class='ocrx_word' id='word_1_229' title='bbox 217 758 261 770; x_wconf 88' lang='lat' dir='ltr'><strong>anno</strong></span> <span class='ocrx_word' id='word_1_230' title='bbox 269 753 310 770; x_wconf 88' lang='lat' dir='ltr'><strong>obiit</strong></span> <span class='ocrx_word' id='word_1_231' title='bbox 318 753 395 771; x_wconf 80' lang='lat' dir='ltr'><strong>dominus</strong></span> <span class='ocrx_word' id='word_1_232' title='bbox 405 754 473 771; x_wconf 83' lang='lat' dir='ltr'><strong>Emicho</strong></span> <span class='ocrx_word' id='word_1_233' title='bbox 483 754 596 776; x_wconf 77' lang='lat' dir='ltr'><strong>Frisingensis</strong></span> <span class='ocrx_word' id='word_1_234' title='bbox 605 754 675 776; x_wconf 79' lang='lat' dir='ltr'><strong>episco-</strong></span> 
     </span>
     <span class='ocr_line' id='line_1_31' title="bbox 109 778 675 800; baseline 0.002 -5"><span class='ocrx_word' id='word_1_235' title='bbox 109 783 145 800; x_wconf 89' lang='lat' dir='ltr'><strong>pus.</strong></span> <span class='ocrx_word' id='word_1_236' title='bbox 159 778 188 795; x_wconf 84' lang='lat' dir='ltr'><strong>Cui</strong></span> <span class='ocrx_word' id='word_1_237' title='bbox 199 778 274 795; x_wconf 77' lang='lat' dir='ltr'><strong>succedit</strong></span> <span class='ocrx_word' id='word_1_238' title='bbox 283 779 363 800; x_wconf 75' lang='lat' dir='ltr'><strong>magister</strong></span> <span class='ocrx_word' id='word_1_239' title='bbox 375 778 459 796; x_wconf 73' lang='lat' dir='ltr'><strong>Gotl&#39;ridus</strong></span> <span class='ocrx_word' id='word_1_240' title='bbox 470 778 545 796; x_wconf 84' lang='lat' dir='ltr'><strong>eiusdem</strong></span> <span class='ocrx_word' id='word_1_241' title='bbox 557 779 630 796; x_wconf 78' lang='lat' dir='ltr'><strong>ecclesio</strong></span> <span class='ocrx_word' id='word_1_242' title='bbox 643 779 675 796; x_wconf 83' lang='lat' dir='ltr'><strong>de-</strong></span> 
     </span>
     <span class='ocr_line' id='line_1_32' title="bbox 109 807 166 820; baseline 0 0"><span class='ocrx_word' id='word_1_243' title='bbox 109 807 166 820; x_wconf 81' lang='lat' dir='ltr'><strong>canus.</strong></span> 
     </span>
    </p>

    <p class='ocr_par' dir='ltr' id='par_1_6' title="bbox 110 827 678 1071">
     <span class='ocr_line' id='line_1_33' title="bbox 146 827 676 850; baseline 0 -5"><span class='ocrx_word' id='word_1_244' title='bbox 146 827 209 845; x_wconf 83' lang='lat' dir='ltr'><strong>Eodem</strong></span> <span class='ocrx_word' id='word_1_245' title='bbox 223 832 267 845; x_wconf 85' lang='lat' dir='ltr'><strong>anno</strong></span> <span class='ocrx_word' id='word_1_246' title='bbox 281 829 321 850; x_wconf 70' lang='lat' dir='ltr'><strong>aput</strong></span> <span class='ocrx_word' id='word_1_247' title='bbox 334 828 415 845; x_wconf 82' lang='lat' dir='ltr'><strong>Viennam</strong></span> <span class='ocrx_word' id='word_1_248' title='bbox 425 828 477 845; x_wconf 80' lang='lat' dir='ltr'><strong>Gallie</strong></span> <span class='ocrx_word' id='word_1_249' title='bbox 490 828 507 845; x_wconf 91' lang='lat' dir='ltr'><strong>in</strong></span> <span class='ocrx_word' id='word_1_250' title='bbox 516 827 593 845; x_wconf 80' lang='lat' dir='ltr'><strong>kalendis</strong></span> <span class='ocrx_word' id='word_1_251' title='bbox 602 827 676 845; x_wconf 77' lang='lat' dir='ltr'><strong>octobris</strong></span> 
     </span>
     <span class='ocr_line' id='line_1_34' title="bbox 110 852 676 875; baseline 0.002 -6"><span class='ocrx_word' id='word_1_252' title='bbox 110 852 202 870; x_wconf 81' lang='lat' dir='ltr'><strong>celebratur</strong></span> <span class='ocrx_word' id='word_1_253' title='bbox 218 853 305 870; x_wconf 80' lang='lat' dir='ltr'><strong>concilium</strong></span> <span class='ocrx_word' id='word_1_254' title='bbox 317 857 327 869; x_wconf 85' lang='lat' dir='ltr'><strong>a</strong></span> <span class='ocrx_word' id='word_1_255' title='bbox 339 852 407 870; x_wconf 86' lang='lat' dir='ltr'><strong>domino</strong></span> <span class='ocrx_word' id='word_1_256' title='bbox 420 852 504 870; x_wconf 82' lang='lat' dir='ltr'><strong>Clemente</strong></span> <span class='ocrx_word' id='word_1_257' title='bbox 518 853 576 875; x_wconf 82' lang='lat' dir='ltr'><strong>quinto</strong></span> <span class='ocrx_word' id='word_1_258' title='bbox 589 857 634 875; x_wconf 87' lang='lat' dir='ltr'><strong>papa</strong></span> <span class='ocrx_word' id='word_1_259' title='bbox 646 856 676 874; x_wconf 80' lang='lat' dir='ltr'><strong>pro</strong></span> 
     </span>
     <span class='ocr_line' id='line_1_35' title="bbox 110 877 676 899; baseline 0 -5"><span class='ocrx_word' id='word_1_260' title='bbox 110 877 230 894; x_wconf 79' lang='lat' dir='ltr'><strong>reiormacione</strong></span> <span class='ocrx_word' id='word_1_261' title='bbox 243 882 306 894; x_wconf 91' lang='lat' dir='ltr'><strong>morum</strong></span> <span class='ocrx_word' id='word_1_262' title='bbox 318 877 417 894; x_wconf 80' lang='lat' dir='ltr'><strong>universalis</strong></span> <span class='ocrx_word' id='word_1_263' title='bbox 429 877 501 894; x_wconf 81' lang='lat' dir='ltr'><strong>ecclesie</strong></span> <span class='ocrx_word' id='word_1_264' title='bbox 513 879 530 894; x_wconf 88' lang='lat' dir='ltr'><strong>et</strong></span> <span class='ocrx_word' id='word_1_265' title='bbox 541 877 622 899; x_wconf 81' lang='lat' dir='ltr'><strong>passagio</strong></span> <span class='ocrx_word' id='word_1_266' title='bbox 633 879 676 894; x_wconf 75' lang='lat' dir='ltr'><strong>terre</strong></span> 
     </span>
     <span class='ocr_line' id='line_1_36' title="bbox 111 901 676 924; baseline 0 -5"><span class='ocrx_word' id='word_1_267' title='bbox 111 904 173 919; x_wconf 84' lang='lat' dir='ltr'><strong>sancte.</strong></span> <span class='ocrx_word' id='word_1_268' title='bbox 186 902 207 919; x_wconf 85' lang='lat' dir='ltr'><strong>Et</strong></span> <span class='ocrx_word' id='word_1_269' title='bbox 217 901 259 919; x_wconf 89' lang='lat' dir='ltr'><strong>ordo</strong></span> <span class='ocrx_word' id='word_1_270' title='bbox 271 901 408 924; x_wconf 68' lang='lat' dir='ltr'><strong>Templariorum,</strong></span> <span class='ocrx_word' id='word_1_271' title='bbox 422 902 450 924; x_wconf 83' lang='lat' dir='ltr'><strong>qui</strong></span> <span class='ocrx_word' id='word_1_272' title='bbox 461 902 478 918; x_wconf 89' lang='lat' dir='ltr'><strong>in</strong></span> <span class='ocrx_word' id='word_1_273' title='bbox 488 902 553 924; x_wconf 72' lang='lat' dir='ltr'><strong>magnis</strong></span> <span class='ocrx_word' id='word_1_274' title='bbox 564 902 632 919; x_wconf 79' lang='lat' dir='ltr'><strong>casibus</strong></span> <span class='ocrx_word' id='word_1_275' title='bbox 644 901 676 918; x_wconf 85' lang='lat' dir='ltr'><strong>de-</strong></span> 
     </span>
     <span class='ocr_line' id='line_1_37' title="bbox 110 926 675 949; baseline 0 -6"><span class='ocrx_word' id='word_1_276' title='bbox 110 927 155 944; x_wconf 77' lang='lat' dir='ltr'><strong>lutus</strong></span> <span class='ocrx_word' id='word_1_277' title='bbox 164 926 194 944; x_wconf 85' lang='lat' dir='ltr'><strong>suit</strong></span> <span class='ocrx_word' id='word_1_278' title='bbox 203 926 282 949; x_wconf 79' lang='lat' dir='ltr'><strong>concilio,</strong></span> <span class='ocrx_word' id='word_1_279' title='bbox 291 926 415 949; x_wconf 87' lang='lat' dir='ltr'><strong>approbacione</strong></span> <span class='ocrx_word' id='word_1_280' title='bbox 428 926 512 949; x_wconf 83' lang='lat' dir='ltr'><strong>eiusdem,</strong></span> <span class='ocrx_word' id='word_1_281' title='bbox 522 927 589 944; x_wconf 79' lang='lat' dir='ltr'><strong>omnino</strong></span> <span class='ocrx_word' id='word_1_282' title='bbox 602 926 675 944; x_wconf 80' lang='lat' dir='ltr'><strong>destrui-</strong></span> 
     </span>
     <span class='ocr_line' id='line_1_38' title="bbox 111 951 676 973; baseline 0 -5"><span class='ocrx_word' id='word_1_283' title='bbox 111 953 137 968; x_wconf 84' lang='lat' dir='ltr'><strong>tur</strong></span> <span class='ocrx_word' id='word_1_284' title='bbox 150 951 284 969; x_wconf 82' lang='lat' dir='ltr'><strong>exterminabitur</strong></span> <span class='ocrx_word' id='word_1_285' title='bbox 295 952 345 973; x_wconf 77' lang='lat' dir='ltr'><strong>atque</strong></span> <span class='ocrx_word' id='word_1_286' title='bbox 362 951 429 968; x_wconf 82' lang='lat' dir='ltr'><strong>deletur.</strong></span> <span class='ocrx_word' id='word_1_287' title='bbox 443 951 515 968; x_wconf 79' lang='lat' dir='ltr'><strong>Fuerunt</strong></span> <span class='ocrx_word' id='word_1_288' title='bbox 527 953 582 968; x_wconf 84' lang='lat' dir='ltr'><strong>autem</strong></span> <span class='ocrx_word' id='word_1_289' title='bbox 591 951 608 968; x_wconf 87' lang='lat' dir='ltr'><strong>in</strong></span> <span class='ocrx_word' id='word_1_290' title='bbox 617 951 676 968; x_wconf 75' lang='lat' dir='ltr'><strong>eodem</strong></span> 
     </span>
     <span class='ocr_line' id='line_1_39' title="bbox 111 975 676 998; baseline -0.002 -5"><span class='ocrx_word' id='word_1_291' title='bbox 111 976 183 993; x_wconf 76' lang='lat' dir='ltr'><strong>concilio</strong></span> <span class='ocrx_word' id='word_1_292' title='bbox 195 976 286 998; x_wconf 81' lang='lat' dir='ltr'><strong>patriarche</strong></span> <span class='ocrx_word' id='word_1_293' title='bbox 298 976 419 998; x_wconf 83' lang='lat' dir='ltr'><strong>archiepiscopi</strong></span> <span class='ocrx_word' id='word_1_294' title='bbox 432 976 507 998; x_wconf 81' lang='lat' dir='ltr'><strong>episcopi</strong></span> <span class='ocrx_word' id='word_1_295' title='bbox 516 980 584 993; x_wconf 87' lang='lat' dir='ltr'><strong>numero</strong></span> <span class='ocrx_word' id='word_1_296' title='bbox 594 989 597 992; x_wconf 97' lang='lat'>.</span> <span class='ocrx_word' id='word_1_297' title='bbox 607 989 611 992; x_wconf 70' lang='grc'>,</span> <span class='ocrx_word' id='word_1_298' title='bbox 621 989 624 993; x_wconf 91' lang='grc'>.</span> <span class='ocrx_word' id='word_1_299' title='bbox 634 989 638 992; x_wconf 86' lang='grc'><em>.</em></span> <span class='ocrx_word' id='word_1_300' title='bbox 647 975 676 992; x_wconf 84' lang='lat' dir='ltr'><strong>ab·</strong></span> 
     </span>
     <span class='ocr_line' id='line_1_40' title="bbox 112 1000 677 1023; baseline 0 -6"><span class='ocrx_word' id='word_1_301' title='bbox 112 1000 160 1017; x_wconf 81' lang='lat' dir='ltr'><strong>butes</strong></span> <span class='ocrx_word' id='word_1_302' title='bbox 174 1002 191 1017; x_wconf 94' lang='lat' dir='ltr'><strong>et</strong></span> <span class='ocrx_word' id='word_1_303' title='bbox 203 1001 277 1022; x_wconf 72' lang='lat' dir='ltr'><strong>magistri</strong></span> <span class='ocrx_word' id='word_1_304' title='bbox 291 1000 366 1018; x_wconf 90' lang='lat' dir='ltr'><strong>ordinum</strong></span> <span class='ocrx_word' id='word_1_305' title='bbox 376 1005 412 1017; x_wconf 86' lang='lat' dir='ltr'><strong>cum</strong></span> <span class='ocrx_word' id='word_1_306' title='bbox 422 1001 458 1018; x_wconf 84' lang='lat' dir='ltr'><strong>aliis</strong></span> <span class='ocrx_word' id='word_1_307' title='bbox 467 1000 535 1023; x_wconf 82' lang='lat' dir='ltr'><strong>prelatis</strong></span> <span class='ocrx_word' id='word_1_308' title='bbox 544 1001 561 1017; x_wconf 91' lang='lat' dir='ltr'><strong>in</strong></span> <span class='ocrx_word' id='word_1_309' title='bbox 570 1004 639 1018; x_wconf 77' lang='lat' dir='ltr'><strong>numero</strong></span> <span class='ocrx_word' id='word_1_310' title='bbox 648 1004 677 1017; x_wconf 71' lang='lat' dir='ltr'><strong>eo-</strong></span> 
     </span>
     <span class='ocr_line' id='line_1_41' title="bbox 112 1024 678 1047; baseline -0.002 -5"><span class='ocrx_word' id='word_1_311' title='bbox 112 1025 170 1047; x_wconf 81' lang='lat' dir='ltr'><strong>pioso,</strong></span> <span class='ocrx_word' id='word_1_312' title='bbox 184 1030 212 1042; x_wconf 86' lang='lat' dir='ltr'><strong>rex</strong></span> <span class='ocrx_word' id='word_1_313' title='bbox 225 1025 295 1042; x_wconf 83' lang='lat' dir='ltr'><strong>Francie</strong></span> <span class='ocrx_word' id='word_1_314' title='bbox 304 1025 389 1047; x_wconf 81' lang='lat' dir='ltr'><strong>Philippus</strong></span> <span class='ocrx_word' id='word_1_315' title='bbox 399 1029 435 1042; x_wconf 77' lang='lat' dir='ltr'><strong>cum</strong></span> <span class='ocrx_word' id='word_1_316' title='bbox 444 1029 524 1047; x_wconf 74' lang='lat' dir='ltr'><strong>germano</strong></span> <span class='ocrx_word' id='word_1_317' title='bbox 533 1027 550 1042; x_wconf 90' lang='lat' dir='ltr'><strong>et</strong></span> <span class='ocrx_word' id='word_1_318' title='bbox 558 1025 625 1043; x_wconf 81' lang='lat' dir='ltr'><strong>duobus</strong></span> <span class='ocrx_word' id='word_1_319' title='bbox 634 1024 678 1046; x_wconf 80' lang='lat' dir='ltr'><strong>flliis,</strong></span> 
     </span>
     <span class='ocr_line' id='line_1_42' title="bbox 113 1050 678 1071; baseline 0 -5"><span class='ocrx_word' id='word_1_320' title='bbox 113 1054 142 1067; x_wconf 82' lang='lat' dir='ltr'><strong>rex</strong></span> <span class='ocrx_word' id='word_1_321' title='bbox 155 1050 247 1071; x_wconf 77' lang='lat' dir='ltr'><strong>Arragonie</strong></span> <span class='ocrx_word' id='word_1_322' title='bbox 260 1054 296 1066; x_wconf 83' lang='lat' dir='ltr'><strong>cum</strong></span> <span class='ocrx_word' id='word_1_323' title='bbox 310 1050 347 1067; x_wconf 88' lang='lat' dir='ltr'><strong>aliis</strong></span> <span class='ocrx_word' id='word_1_324' title='bbox 360 1050 419 1067; x_wconf 88' lang='lat' dir='ltr'><strong>multis.</strong></span> <span class='ocrx_word' id='word_1_325' title='bbox 433 1050 495 1067; x_wconf 86' lang='lat' dir='ltr'><strong>Finitur</strong></span> <span class='ocrx_word' id='word_1_326' title='bbox 504 1052 558 1067; x_wconf 77' lang='lat' dir='ltr'><strong>autem</strong></span> <span class='ocrx_word' id='word_1_327' title='bbox 567 1050 610 1067; x_wconf 86' lang='lat' dir='ltr'><strong>idern</strong></span> <span class='ocrx_word' id='word_1_328' title='bbox 620 1050 678 1066; x_wconf 81' lang='lat' dir='ltr'><strong>eonci-</strong></span> 
     </span>
    </p>
   </div>
  </div>
 </body>
</html>
