738 1221
113 73 149 89 560
291 78 373 90 canonicor«
384 78 504 90 osrznnovimsz.

72 118 105 132 ¹³0⁰
114 114 175 136 gladiis
190 113 286 132 militaribus
298 114 315 130 in
330 113 393 135 oppido
405 113 491 130 Lanczliut
508 114 577 131 accincti
593 115 632 131 sunt
645 116 685 131 cum‘

112 139 167 157 multis
176 138 260 156 nobilibus
273 140 321 161 terreq
330 138 373 155 inter
385 142 428 160 qnos
437 140 484 155 erant
493 138 567 160 precipui
576 137 655 156 Albertus
666 140 683 155 et

112 164 190 181 Alramus
199 164 272 181 iuniores
282 163 352 180 comites
361 163 383 180 de
392 162 438 180 Hals.

150 188 218 206 Mcccj,
227 188 283 205 Tertio
292 192 346 205 nones
354 188 392 205 inuit
399 187 478 205 donatum
486 189 512 205 est
517 187 590 209 ecclesie
596 188 613 205 in
622 187 683 205 Oster-

113 214 168 231 hoven
181 214 208 230 ius
219 214 317 236 patronatus
331 213 404 230 ecclesie
417 213 434 230 in
443 213 523 230 Winczer
531 217 561 235 per
570 213 682 230 venerabilem

113 239 131 255 111
140 238 204 255 Christo
217 240 279 260 patrem
292 238 375 255 dominum
388 237 492 260 Leupoldnm
505 238 602 260 episcopum
609 237 683 255 'Boben-

113 263 213 284 bergensem
226 262 247 280 de
260 263 332 280 unanimi
346 266 433 279 consensu
449 263 504 280 tocius
520 262 588 285 capituli
606 262 682 280 eiusdem

114 288 186 305 ecclesie
195 287 216 305 ad
225 288 323 305 instanciam
332 287 395 304 domini
404 287 455 304 Uirici
464 287 513 304 huius
522 287 554 304 loci
561 287 628 304 abbatis
637 292 682 304 anno

113 312 219 335 pontificatus
228 312 255 329 sui
263 313 326 334 quinto.

152 337 233 354 Mccciii.
245 337 327 354 Dominus
339 336 436 354 Bonisacius
452 338 523 354 octavus
536 341 580 359 papa
594 337 611 354 111
625 341 682 358 regem

115 362 206 384 Alternum,
220 362 248 384 qui
260 361 341 379 hactenus
355 365 389 378 non
401 361 454 378 fuerat
466 361 483 378 in
496 362 552 383 gracia
561 363 630 384 propter
637 361 683 378 inia-

115 387 163 404 miarn
173 387 262 404 occisionis
272 386 333 404 domini
342 385 397 403 Adolli
407 386 458 408 regis,
468 386 556 409 consentit,
564 388 581 403 et
590 391 620 409 per
628 386 683 403 samo-

115 416 145 429 sos
158 413 175 428 et
187 411 269 428 honestos
279 411 350 429 nuncios
361 415 398 428 eum
407 410 429 428 ad
439 411 511 432 graciam
520 411 567 428 sedis
576 411 643 434 recipit,
654 412 684 433 ip-

115 441 185 458 sumque
194 437 210 453 in
220 436 286 458 publico
296 440 372 454 sermone
381 436 398 453 111
407 435 452 452 sesto
461 436 578 458 apostolorum*
584 436 656 458 Philippi
667 437 684 453 ct

115 461 175 478 Jncubi
185 460 226 483 [mai
237 460 256 484 1]
270 465 326 482 regem
337 460 419 483 approbat
427 462 477 482 atque
487 460 508 477 ad
517 465 596 478 coronam
604 461 684 483 imperia-

116 485 147 503 lem
161 485 284 508 suscipiendam
296 486 358 503 invitat*
380 485 419 507 Ipsa
432 485 491 502 eadem
504 485 531 502 die
545 490 601 507 regem
613 485 684 502 Francic-

116 510 213 533 Philippum,
219 510 247 532 qui
256 510 329 528 Romane
339 510 411 527 ecclesie
421 509 521 527 inobediens
530 510 547 527 in
556 510 611 527 multis
621 514 684 532 argue·
692 529 697 531 >

115 535 164 552 batur
173 537 189 552 et
201 535 268 556 legatos
277 534 323 552 sedis
332 535 348 552 in
358 539 390 552 suu
397 536 439 551 terra
448 534 598 557 dehonestaverat,
612 539 683 552 excom-

116 560 213 582 municavit,
227 560 244 576 et
257 561 315 576 terram
330 563 377 577 suem
388 559 419 576 sul)
431 559 519 577 interdicto
531 560 592 582 posuit.
611 559 685 577 Econtra

116 584 201 607 predictus
210 589 239 601 rex
248 584 317 601 Francie
325 584 342 601 in
351 584 426 606 proximo
435 584 479 601 sesto
491 584 535 601 beati
544 584 627 601 Johannis
640 584 685 606 hap-

116 610 156 627 §iste
169 613 228 627 omnes
239 609 312 631 prelatos
326 611 343 626 et
355 608 434 626 doctores
443 609 491 631 regni
499 610 525 626 sui
534 609 607 627 Parisius
617 613 685 627 convo-

117 635 166 652 cavit
181 634 207 651 De
220 638 288 656 qnorum
300 633 371 651 consilio
384 635 400 651 et
412 638 499 651 consensu
511 633 592 656 quosdam
605 634 684 651 articulus

117 661 175 676 contra
184 658 275 681 predictum
284 663 349 681 papam,
358 658 397 676 licet
406 658 459 675 minus
469 659 585 681 raffiombiles,
595 659 685 681 conscrip-

118 685 149 706 sit,
162 685 179 701 et
188 683 209 701 ad
218 683 289 701 futurum
302 688 361 706 papam
374 683 402 700 vel
413 683 501 701 concilium
511 685 568 701 contra
580 684 684 701 sentenciam

117 709 134 726 in
144 713 181 726 enm
190 708 240 725 latam
249 712 304 725 corum
313 709 348 725 toto
358 708 403 725 clero
413 708 527 730 sollempniter
537 708 632 731 appellavit.
644 708 686 725 Post

117 733 150 750 hec
158 733 175 750 in
188 732 232 750 resto
246 733 290 750 beati
303 733 392 755 leronimi,
402 737 423 750 ex
432 733 550 755 procuracione
560 733 605 755 regis
614 732 685 755 predicti

118 760 136 775 ut
145 757 212 780 dicitur,
222 762 232 774 a
240 757 308 774 domino
317 757 366 774 Serra
375 759 453 774 senatore
462 759 478 774 et
485 758 542 775 amicis
549 757 656 775 cardinalium
663 757 686 775 de

119 783 210 805 Columpna
223 782 337 804 depositorum
350 782 427 799 dominus
440 782 536 800 Boniiacius
548 787 591 805 papa
599 782 686 805 predictus

117 808 135 825 111
144 812 176 825 suo
185 807 250 830 palacio
256 806 333 829 Anugnie
340 808 367 824 est
375 807 456 824 obsessus
466 809 482 824 et
491 807 589 829 captivatus.
598 807 619 824 Et
625 807 647 824 ad
654 812 685 829 pe-

119 833 196 850 ticionem
205 836 252 849 suam
261 832 282 849 ad
291 832 348 849 urbem
357 831 448 854 deductus,
461 832 489 849 ubi
498 833 514 849 in
523 832 567 849 lecto
576 832 686 854 decumbens,

119 857 192 879 receptis
201 857 309 874 sacramentis
319 857 448 879 ecclesiasticiS,
457 857 495 874 idus
505 857 578 874 octobris
587 857 658 874 feliciter
669 857 686 873 in

119 882 187 899 domino
195 882 285 904 requievit,
294 883 311 898 et
320 881 397 903 sepultus
405 882 431 899 est
438 884 478 904 aput
485 884 560 899 sanctum
567 882 637 903 Petrum.
647 881 687 899 Post

120 911 168 929 quem
178 906 244 928 eligitur
252 905 329 923 dominus
340 906 424 928 Nycolaus
433 906 517 923 Ostiensis
527 907 627 929 episcopus,
641 908 686 923 etse

120 933 170 949 vocat
178 931 284 948 Benedictum
293 931 402 948 undecimum*

157 956 220 973 Eodem
229 960 273 973 auno
283 956 299 972 in
308 955 365 977 vigilia
375 956 497 978 assumpcionis
507 956 547 973 obiit
556 955 633 973 dominus
642 955 687 972 Leu-

121 980 182 1003 poldus
191 980 258 997 Grindla
266 980 414 1002 Babenbergensis
427 981 518 1003 episcopus
527 985 571 998 anno
580 978 688 1003 pontificatus

121 1005 147 1022 sui
161 1006 236 1027 septimo,
250 1005 280 1022 Cui
293 1006 360 1027 propter
373 1005 472 1023 discordiam
485 1006 603 1023 canonicorum
612 1004 688 1022 eiusdem

122 1030 192 1047 ecclesie
202 1029 279 1047 dominus
288 1030 384 1052 Wulfingus
398 1030 419 1047 de
431 1030 545 1047 Stubcnberch
554 1030 646 1053 episcopus
655 1030 688 1047 La-

122 1054 205 1072 vandinus
215 1054 298 1077 succedit,
308 1055 329 1072 de
339 1054 397 1072 ordine
406 1055 534 1077 medicatorum,
544 1055 593 1072 datus
602 1059 611 1072 e
621 1054 687 1072 domino

122 1084 166 1102 papa
174 1079 265 1097 Benedicta
274 1079 367 1096 undecimo.
