738 1221
85 47 121 65 500
267 54 353 66 nranrirus
365 54 458 66 amaenitate.

43 93 76 107 mi
86 90 130 106 circa
139 89 217 106 maritima
225 93 286 110 magna
299 94 338 111 pars
351 89 424 111 ipsorum
436 90 501 106 mortua
510 90 540 106 est.
557 89 602 106 lnter
611 93 656 111 quos

84 114 198 136 Augustensis
212 114 302 136 episcopus
315 115 331 131 et
341 113 431 131 Ludwicus
444 114 512 131 maritus
525 115 583 131 sancte
592 114 655 136 Elysa-

84 139 123 156 beth
140 139 243 160 lantgravius
257 138 346 160 Thuringie
364 143 401 155 eum
417 138 454 156 aliis
471 138 554 156 nobilibus
571 138 655 156 obierunt.

83 163 154 185 Reliqua
162 168 202 186 pars
211 163 282 180 credens
292 163 376 180 dominum
385 164 501 185 imperatorem
511 163 654 180 transfretaturum

84 193 129 206 mare
142 188 221 205 transivit.
239 188 341 211 Imperatore
354 192 395 205 vero
409 190 514 210 remanente,
530 188 547 205 in
561 188 654 206 continenti

84 213 119 231 iere
132 214 185 230 omnis
200 213 229 230 illa
240 213 353 235 peregrinatio
367 213 419 230 rediit.
437 213 518 230 Dominus
528 218 572 235 papa
582 214 654 235 impera-

85 240 138 255 torem
147 242 176 260 pro
186 242 206 255 eo
216 237 261 259 quod
271 240 326 255 votum
336 238 476 260 peregrinationis
488 242 523 255 non
535 238 609 255 solverat
622 242 654 255 ex-

85 263 223 280 communicatum
232 262 347 285 sollempniter
355 262 463 279 denuntiavit.
472 263 497 280 Ex
506 263 538 280 hoc
546 263 602 284 itaque
609 262 654 280 iacto

85 288 200 310 gravissimum
210 287 272 304 scisma
281 288 331 304 oritur
338 287 382 304 inter
390 292 459 309 regnum
468 289 485 304 et
498 287 620 309 sacerdotium,
631 287 656 304 ita

84 314 103 329 ut
111 312 146 329 sere
155 314 189 329 tota
199 312 311 329 christianitas
322 316 352 334 per
364 312 420 334 plures
434 316 488 329 annos
497 312 546 329 novis
556 314 572 329 et
581 312 654 329 insolitis

84 337 168 359 pressuris
177 337 264 359 plurimum
273 336 370 354 turbaretur.
384 337 425 354 Nam
435 337 527 354 electiones
537 337 655 359 episcoporum

84 363 203 384 personatuum
213 363 229 378 et
242 361 309 378 aliarum
321 366 417 383 magnarum
426 361 526 383 dignitatum
539 363 578 379 tunc
590 366 600 378 a
613 361 655 378 sede

85 386 178 409 apostolica
189 387 204 403 et
217 386 279 408 legatis
292 387 328 403 eius
340 386 396 403 taliter
405 388 444 403 sunt
457 390 549 409 suspense,
564 388 583 403 ut
596 388 655 403 contra

85 412 187 429 voluntatem
197 411 294 433 eligentium
303 411 317 428 is
326 411 354 428 vel
363 411 390 428 ille
399 411 506 434 preficeretur
518 411 535 428 in
545 411 619 433 qualibet
628 411 655 428 di-

85 437 159 458 gnitate,
172 436 199 458 qui
208 436 235 453 vel
245 436 292 453 cuius
302 436 350 453 amici
358 437 398 453 tunc
406 436 505 453 videbantur
514 435 551 453 serii
560 436 655 458 apostolice

85 461 123 483 plus
132 460 194 478 favere.
211 461 304 483 Principum
313 461 365 478 eciam
379 465 398 477 ae
410 461 487 478 comitum
499 462 516 478 et
524 461 655 478 ministerialium

86 487 148 503 tantam
157 485 277 502 multitudinem
287 485 318 502 sibi
327 485 399 502 adtraxit
408 485 487 507 ecclesia,
496 487 514 502 ut
523 486 537 502 si
547 486 561 502 ei
571 490 654 508 perseve-

86 512 141 527 ranter
154 511 170 527 et
184 509 254 527 fideliter
267 510 383 532 adhesissem,
399 511 465 532 poterat
476 514 506 532 pro
519 514 549 527 sue
563 510 654 527 voluntatis
679 531 681 533 Ι

86 535 153 552 arbitrio
165 535 281 556 triumphasse.
296 534 379 554 Quamdiu
388 536 443 552 autem
452 534 534 552 duraverit
543 536 560 552 et
569 535 655 557 quomodo

87 559 155 577 seviens
164 563 207 576 mors
217 561 250 576 tam
258 559 354 582 pontificum
363 564 412 581 quam
422 564 478 581 regum
488 559 531 576 inter
537 564 557 576 se
566 559 655 577 dissiden-

86 585 125 601 tium
135 588 176 606 sepe
185 584 289 606 interruperit
294 589 369 606 guerram
378 584 433 607 istam,
442 584 505 606 patebit
514 585 531 601 in
540 584 656 606 sequentibus.

85 608 204 627 Fortitudinem
214 611 269 626 tamen
278 609 353 626 eiusdem
360 609 443 626 scismatis
452 609 502 626 multa
511 610 557 631 paria
563 610 656 627 litterarum

86 634 178 655 ostendunt
186 638 208 651 ex
216 635 285 656 utraque
295 636 341 656 parte
352 634 390 651 hino
401 634 440 651 inde
454 634 596 657 transmissarum,
609 639 655 656 qua-

86 664 121 676 rum
130 658 211 680 quasdam
220 658 247 676 hic
256 659 317 681 placuit
326 659 409 676 annotari:

124 683 149 700 Fr.
162 683 189 700 dei
201 684 255 705 gratia
267 683 377 701 Romanorum
386 684 480 706 imperator,
490 688 556 705 semper
564 685 655 706 augustus,

87 708 179 725 Jerusalem
193 709 210 725 et
222 708 284 730 Sycilie
296 713 330 725 rex
346 708 412 725 Dilecto
425 709 495 730 principi
508 713 539 725 suo
551 708 571 725 Nl
585 709 655 730 gratiam

87 737 135 750 suam
144 734 160 750 et
168 732 229 749 bonam
236 733 342 750 voluntatem.
351 733 409 750 Emula
414 737 470 755 regam
478 734 495 750 et
501 733 592 755 principum
598 743 621 745 —
627 733 655 750 in-

87 757 174 775 commoda
187 757 305 774 subministrat:
321 757 381 774 Datum
393 758 409 774 in
421 758 481 775 castris
492 758 510 775 in
522 757 610 775 obsidione
623 758 655 775 Es-

87 782 125 805 culi,
134 782 173 799 xviii
182 782 227 804 iulii,
236 782 264 799 xiii
273 782 363 799 indictione
374 781 447 805 [1240]

124 807 149 824 Fr.
158 806 185 824 dei
198 807 251 829 gratia
260 806 371 824 Rornanorum
383 807 472 830 imperator
483 808 514 824 etc.
533 806 576 824 Dum
589 806 611 824 ad
624 806 655 824 de-

86 832 212 854 populationem
218 832 271 849 vicine
281 832 356 849 Bonoriie
366 842 388 844 v
397 832 472 854 cupimus
482 832 543 849 habere
553 833 655 849 consortem.

86 856 147 873 Datum
155 856 240 879 Faventie,
249 857 288 873 xviii
298 857 341 879 maii,
350 857 384 873 xiiii
393 856 427 873 ind.
437 855 504 879 [1241]

124 881 215 903 Gregorius
225 886 285 898 servus
294 886 379 899 servorum
389 881 420 898 tlei.
438 881 507 898 Dilectis
520 881 557 898 tiliis
570 881 655 903 magistris

87 905 156 923 Alberto
165 906 288 928 archidyacono
295 906 391 923 Pataviensi
400 908 417 923 ct
427 906 501 928 Philippo
511 905 532 923 de
543 905 600 923 Asisio
610 910 655 923 nnn-

87 931 110 947 tio
119 932 178 948 nostro
187 931 203 948 in
212 930 310 948 Alemannia
319 931 434 953 commoranti,
440 931 510 948 salutem
520 932 537 948 et
545 930 655 953 apostolicam

87 954 225 972 benedictionem.
242 955 284 976 Quia
296 955 389 973 Fridericus
401 955 454 972 dictus
466 956 556 978 imperator
568 955 590 972 de
599 955 656 972 multis

88 982 105 997 et
116 980 196 1001 gravibus
212 980 311 997 excessibus
323 981 358 997 suis
373 985 383 997 a
396 980 445 997 nobis
460 980 656 1002 diligenter—nichilo-

88 1029 159 1047 titioatus
169 1030 221 1047 nostri
230 1034 275 1047 anno
284 1030 407 1047 terciodecimo.
417 1029 473 1052 [1239
482 1034 521 1047 nov.
535 1029 568 1053 23]

126 1055 216 1076 Gregorius
230 1055 320 1077 episcopus
333 1059 392 1072 servus
406 1056 437 1072 etc.
453 1056 471 1072 ut
484 1059 539 1077 supra.
563 1054 657 1072 Rationalis
