738 1221
221 76 303 88 cunonem«
314 76 422 88 Ευιιίᾼιιιαει,
583 68 606 85 69

43 110 92 132 aliqua
111 111 191 128 victualia
210 115 240 128 seu
262 111 359 128 necessaria
378 111 476 128 ministrent,
512 111 553 128 Post
575 110 606 128 hee

42 134 120 152 mandavit
132 140 161 152 rex
174 135 228 152 cidem
240 135 316 158 domino,
333 137 352 153 ut
363 135 440 153 civitates
452 135 517 152 Alsatic
531 139 606 157 cougre-

42 161 83 180 επεὶ
94 161 111 176 et
127 160 144 177 in
156 160 196 177 villa
209 160 268 177 Gemer
280 162 351 177 castrum
365 160 438 182 ligneum
452 159 544 177 fabricaret.
566 160 605 182 lpse

41 185 90 201 autem
104 185 147 201 intra
161 186 237 202 octavam
252 185 294 202 Petri
307 186 324 202 et
340 185 386 202 Pauli
400 185 476 202 civitates
491 185 606 207 congregavit,

42 210 144 232 etustrum,
156 212 175 227 ut
186 209 218 226 sibi
227 210 333 232 imperatum,
346 209 431 227 inchoavit
444 211 460 226 et
473 210 490 226 in
503 209 550 227 brevi
562 211 606 227 tern-

41 238 77 255 pore
85 235 196 251 consumavit.
214 234 317 251 Consumato
330 236 386 251 castro
396 234 456 251 milites
469 233 491 251 ihi
505 234 607 256 reliquerunt

41 259 55 274 et
70 258 90 275 ad
107 259 175 281 propria
192 259 280 276 redierunt.
312 258 355 276 Acta
374 260 413 276 sunt
434 259 465 276 hec
482 263 527 276 anno
544 258 606 276 domini

42 283 157 300 mcclxxxxii.

61 307 142 325 Dominus
156 308 178 325 de
189 308 294 330 Rapoltstein
308 309 350 325 intra
363 308 445 325 kalendas
460 309 528 330 augusti
537 309 607 326 Galliam

41 333 110 355 intravit,
124 333 181 355 ibique
190 337 200 350 a
209 333 277 350 domino
286 333 307 350 de
316 333 437 350 Blanclu'herch
451 335 523 354 cognate
533 337 564 350 suo
573 338 606 355 pe-

41 356 78 374 dites
87 359 103 374 et
113 358 181 379 equites
190 357 311 380 accomodavit,
321 359 371 375 nocte
379 362 431 380 prope
440 357 496 375 villam
505 358 606 380 Sigolzbeim

41 382 147 405 perducebat,
161 384 178 399 et
187 382 208 399 ibi
218 386 249 399 eos
259 383 274 399 in
284 382 354 399 diversis
363 382 406 399 locis
414 386 445 404 pro
454 382 520 399 insidiis
529 383 606 400 colloca-

41 406 64 423 vit
78 407 131 424 Mane
141 409 196 424 autern
206 407 251 424 iacto
260 411 322 429 greges
331 407 371 424 ville
379 407 428 429 pauci
438 409 539 429 aeceperunt
548 409 565 424 et
573 412 606 424 ve-

42 431 94 449 lociter
102 432 186 449 abierunt.
199 432 260 448 Villani
269 433 323 449 autern
336 431 404 454 predam
416 432 487 448 insecuti
496 431 566 449 liberare
574 436 606 454 pe-

41 460 75 473 cora
83 456 179 473 voluerunt.
192 456 244 478 Igitur
252 457 328 474 homines
337 456 399 473 domini
408 456 429 473 de
436 456 540 478 Rapoltstein
549 456 570 474 de
579 457 606 473 in-

42 480 82 498 sidiis
94 481 162 503 egressi
175 481 250 503 fuerunt,
268 485 333 503 eosque
346 481 508 503 comprehenderunt
520 483 537 498 et
549 486 605 498 eorum

41 505 73 526 plus
81 510 131 527 quam
142 508 208 523 centum
221 507 238 523 et
247 506 314 527 triginta
327 505 348 523 ad
357 506 423 528 propria
434 505 551 528 perduxerunt*
569 506 605 523 Ho-

41 530 87 547 mines
96 530 118 548 de
126 530 203 547 Horhurc
211 530 289 547 videntes
296 530 364 553 predam
372 535 450 552 magnam
458 535 522 553 paucos
530 530 606 548 homines

41 554 127 578 ducentes,
141 556 178 572 sine
190 555 311 572 deliberatione
323 555 390 577 predam
399 555 471 572 liberare
480 555 568 578 volentes,
581 555 606 572 si-

42 579 93 597 militer
101 581 191 602 capiuntur
200 581 215 597 et
225 584 262 597 oum
271 580 309 597 aliis
318 579 427 597 deducuntur.

41 643 61 660 De
69 644 146 661 mimico
155 644 225 661 Isinemi
233 645 311 666 episcopo
319 644 408 661 Basiliensi
414 645 473 665 postea
481 643 606 665 archiepiscopo

83 669 209 691 Moqunetnensi.

73 706 114 723 Tres
124 706 209 728 principes
218 706 300 723 Teutouie
310 706 342 723 orti
355 705 376 723 de
386 706 426 723 Isini
435 705 497 722 Suevr'e
507 705 569 728 oppido
578 710 605 723 re-

41 729 113 747 teruntur.
132 730 200 748 Scilicet
213 731 305 753 episcopus
314 730 399 747 Tullensis
413 731 441 752 qui
453 730 495 747 fabri
505 730 547 748 iilius
557 730 606 747 dice-

41 753 90 776 batur,
102 755 144 772 item
154 755 290 777 archiepiscopus
300 755 428 777 salzburgensis
441 755 469 777 qui
482 756 528 772 ortus
541 760 562 772 ex
575 759 606 777 pa-

41 779 109 797 rentibus
122 780 224 802 pauperibus
238 780 269 797 sed
282 779 366 797 nobilibus
379 779 477 802 predicatur,
486 779 530 797 idem
539 780 606 797 archie-

41 804 116 827 piscopus
126 804 235 826 Maguntinus
248 804 277 826 qui
285 805 327 822 inter
336 805 416 827 pistorum
429 804 472 822 tilios
485 804 556 821 nobilior
568 808 606 822 cre-

40 828 110 846 debatur'.

72 854 89 871 ln
99 854 164 871 Suevie
173 854 212 871 villa
222 854 271 871 isena
279 855 332 876 pistor
341 855 359 871 ut
367 854 454 871 dicebatur
461 854 569 871 communiter
578 858 605 870 re-

41 878 90 896 sidens
104 880 140 895 erat
144 892 150 901 7
163 879 190 900 qui
199 879 261 896 liberos
272 883 313 896 suos
321 880 356 895 arte
365 883 396 895 sua
403 878 507 895 laudabiliter
518 878 605 895 educabat.

42 901 67 919 ilie
77 903 129 920 lilium
142 904 208 926 genuit,
223 903 319 920 Heinricum
330 908 367 921 eum
380 903 480 925 nominavit7
496 903 554 919 litteris
567 907 606 920 eum

41 928 118 950 apposuit,
126 929 142 945 et
151 930 170 945 ut
175 932 212 945 eum
220 928 297 945 clericum
304 928 365 945 iaceret
373 932 403 950 pro
411 927 472 944 viribus
479 927 571 944 laborabat.
579 927 605 944 Ad

42 953 89 970 scolas
99 952 173 970 Purisius
183 952 249 970 tandem
258 953 312 975 ipsum
319 953 370 975 misit,
380 954 397 969 et
407 954 425 969 ut
436 952 479 969 bene
487 951 561 969 disceret
567 957 604 969 eum

42 976 104 995 fideliter
111 977 214 995 hortabatur.
227 977 295 995 Iuvenis
302 978 334 994 iste
343 977 411 994 multum
420 977 475 994 subito
483 976 605 999 profecitfflre-

42 1000 126 1020 dicationes
135 1004 154 1019 ut
161 1002 250 1024 proficeret
258 1002 324 1024 quando
332 1001 419 1019 commode
427 1002 481 1024 potuit
489 1001 604 1024 frequentavit.

42 1025 55 1042 ΙΙΙ
63 1027 177 1048 predicatione
185 1027 270 1044 cuiusdam
280 1026 390 1049 predicatoris
399 1027 515 1049 compungitur
523 1026 550 1044 hic
556 1027 605 1043 iuve-

43 1051 70 1073 nis,
78 1054 94 1069 et
102 1053 154 1069 vitam
167 1056 215 1069 suam
222 1052 303 1073 cogitavit
313 1051 383 1069 fideliter
393 1051 487 1068 emendare.
501 1051 540 1073 Ipsa
549 1053 604 1068 autem

43 1078 83 1093 nocte
90 1077 136 1094 venit
144 1076 167 1094 ad
176 1081 214 1093 eum
223 1076 300 1094 diabolus
308 1077 325 1093 in
334 1076 404 1093 somniis
412 1078 430 1093 ut
440 1076 470 1093 sibi
478 1075 565 1093 videbatur
574 1080 603 1092 os-
