738 1221
114 52 148 69 536
296 59 392 70 naa-manue
402 58 495 70 ΛιτΛιιῑκειε.

73 96 105 110 128⁵
115 94 175 116 positis
185 95 223 111 sunt
232 93 294 116 occisi,
307 95 323 111 et
336 93 374 111 insti
383 93 456 111 tulerunt
465 93 519 115 spolia
528 93 624 115 impiorum7
637 92 683 110 rnnlli

113 119 164 136 eciam
174 123 230 136 eurum
240 120 333 135 evaserunt.
342 116 348 127 ¹

149 143 199 160 Anno
209 143 270 160 domini
279 143 398 160 mcclxxxsii.
405 142 486 160 Rndolfus
496 147 524 160 rex
533 144 573 165 aput
578 142 682 165 Herbipolim

113 168 222 190 sollempnem
236 168 296 185 curiam
307 168 364 184 habuit
377 172 413 185 oum
425 167 527 190 principibus
540 166 644 187 Alemannie.
662 167 683 184 Et

113 192 172 210 eodem
185 194 259 215 ternpore
268 192 355 210 Johannes
365 192 471 210 Tusculanus
483 193 574 215 episeopus
587 192 682 215 apostolice

113 217 159 235 sedis
171 218 238 239 legatus
251 217 312 234 ibidem
324 217 414 235 celebravit
427 217 519 234 concilium.
540 217 561 234 Et
576 217 615 239 quia
631 217 683 234 multa

113 247 165 260 onera
173 244 190 259 et
198 247 259 264 graves
269 247 354 264 expensas
361 242 429 259 volebat
437 242 482 259 clero
492 243 582 264 imponere,
592 247 601 259 a
610 242 683 264 quilius-

113 267 151 284 dam
160 267 245 289 episeopis
258 267 340 284 adversus
353 271 391 284 euru
403 267 457 284 extitit
470 267 491 284 ad
504 267 562 284 sedern
570 266 683 289 apostoliearn

113 292 219 314 appellatum,
229 293 246 309 et
255 293 322 314 propter
331 292 363 309 linc
372 296 403 309 sua
411 292 481 309 intentio
490 293 507 309 et
515 292 603 309 concilium
612 291 683 309 deside-

113 318 165 334 ratum
176 317 197 334 ab
206 321 227 334 eo
238 318 315 334 eventum
325 321 359 334 non
372 316 436 339 habuit,
446 318 463 333 et
471 317 508 338 ipse
520 316 576 334 subito
585 316 606 333 ad
614 317 683 339 propria

113 343 140 359 est
148 346 231 358 reversus.
253 341 361 358 intellexerat
373 342 416 358 onim
425 341 471 363 prius
482 341 519 358 aliis
528 341 549 358 de
558 343 610 358 morte
620 341 683 358 domiui

113 371 156 389 pape
166 366 244 388 Honerii,
257 367 285 388 qui
294 366 340 388 prius
349 366 435 383 dicebatur
443 366 518 383 Jacobus
531 366 551 383 de
561 365 634 383 Sabello.
651 365 682 383 Cui

113 391 195 409 successit
207 391 257 408 irater
269 391 364 408 Jeronirnus
377 390 398 408 de
411 390 469 408 ordine
481 391 563 408 Minorum
576 391 651 413 fratrum,
666 392 684 408 et

113 418 184 433 vocatus
195 418 221 433 est
230 416 314 433 Nicotaus.
332 416 357 433 De
371 420 405 438 qno
416 421 450 433 non
460 416 534 433 intellexi
547 416 592 438 quod
605 415 683 433 iratribus

113 440 198 463 quondam
210 441 236 458 sui
249 440 311 458 ordinis
324 441 389 462 aliquas
405 440 463 458 feeerit
475 441 542 462 gracias
556 441 649 463 speciales,
666 442 683 457 et

104 467 187 488 vtempore
198 470 230 482 suo
243 466 296 483 noluit
308 465 392 482 discutere
405 466 504 487 questiones
516 470 558 488 quas
571 465 631 483 fratres
640 465 683 482 Pre-

113 490 196 507 dieatores
206 492 223 507 et
232 490 305 507 Minores
315 492 372 507 eontra
382 490 472 512 episcopos
481 490 580 513 habuerunt,
589 492 607 507 ut
616 495 647 512 per
654 490 683 512 ip-

114 520 151 532 sum
160 517 218 532 neutra
227 516 300 537 parcium
309 517 410 537 gravaretur.
427 514 464 535 Quo
478 517 542 532 mortuo
555 515 621 532 vacavit
631 514 683 532 sedes

113 540 207 562 apostoliea
216 541 283 562 propter
296 540 396 557 discordiam
409 539 516 557 cardinalium
525 540 563 562 plus
572 544 621 562 quam
630 540 683 557 tribus

114 565 168 581 annis.
181 565 201 582 Et
210 564 277 582 tandem
283 562 290 573 ²
298 564 341 582 idem
350 564 453 587 cardinales,
462 566 481 582 nt
489 564 560 582 ereditur
568 566 610 582 nutu
619 564 683 586 divino,

114 589 258 606 concordaverunt
266 590 283 606 in
293 589 376 612 quendum
385 590 437 606 virum
447 591 509 606 rectum
518 591 535 606 et
541 589 645 612 religiosum,
654 589 683 611 qui

114 615 130 631 in
140 614 182 631 cella
192 619 223 631 sua
235 619 264 636 per
273 614 385 636 quadraginta
398 619 451 632 annus
465 616 482 631 et
495 614 565 637 amplius
579 614 611 632 sub
623 614 683 636 regula

114 639 158 656 beati
166 639 253 656 Benedicti
263 641 343 656 strennue
352 639 424 661 vixerat,
438 639 466 661 qui
477 640 542 656 electus
551 639 646 656 Celestinus
656 641 683 656 est

114 665 189 681 vocal-us.
209 664 230 681 Et
242 668 279 681 oum
288 664 387 681 educeretur
399 669 408 681 a
419 664 461 681 cella
476 664 539 681 nullum
548 669 608 686 equum
617 666 657 681 tunc
666 665 683 681 et

114 689 167 705 eniam
176 690 235 711 postea
245 688 336 706 ascendere
345 689 405 711 voluit,
415 689 445 706 sed
455 690 517 706 tanturn
526 689 596 706 asellum
605 689 683 711 exemplo

114 713 176 730 domini
185 714 267 730 venientis
276 713 392 731 ,ierosolimam
401 714 486 735 equitavit.
498 714 518 731 In
526 714 554 731 via
563 714 615 731 eciam
625 715 682 731 trans-

115 738 171 755 eundo
180 738 257 755 dominus
267 743 296 760 per
305 743 342 755 eum
350 738 427 755 miracula
434 738 485 755 malta
495 738 538 755 feeit.
555 738 586 758 Qui
595 739 634 755 lieet
643 739 682 755 mire

115 763 208 780 sanctitatis
218 763 305 785 existeret,
317 764 372 780 tamen
381 763 424 780 adeo
434 763 504 785 simplex
511 765 555 786 erat,
567 763 612 785 quod
621 764 682 785 peten-

115 787 159 805 [ibus
169 787 278 805 concedenda
287 789 341 805 etnon
349 787 458 805 concedenda
467 788 555 805 concessit
564 788 585 805 Et
594 793 631 805 curn
640 792 683 805 oon-

115 812 196 830 siderarei
204 812 250 834 quod
259 814 358 830 consuetum
367 813 450 830 silentium
458 814 474 830 et
483 812 603 830 ahstinenuiam
609 826 614 836 ,
624 818 657 835 que
667 813 683 830 in

115 837 188 855 elaustro
198 839 302 860 servaverat,
314 839 383 860 propter
391 838 518 855 intollerabilem
527 842 580 855 reruni
590 842 646 855 curam
656 839 682 855 te-

115 867 155 879 nere
164 867 198 879 non
208 863 261 884 potuit
269 863 285 879 in
294 864 364 885 papatu,
378 863 474 879 renunciare
487 862 541 880 eidem
550 863 642 885 presulatui
652 867 684 880 co-

115 887 179 908 gitavn.
192 887 213 904 Et
222 891 258 904 cum
267 888 360 909 sapientum
370 889 417 904 essct
425 888 482 909 opinio
491 887 536 909 quod
546 892 589 909 papa
598 892 633 904 non
642 892 685 909 pos·-

115 913 142 929 set
151 912 221 934 cedere,
233 912 283 929 ialern
292 912 428 929 constitutionem
437 912 497 935 edidit,
511 912 608 934 quodpape
617 913 685 934 possint

115 936 184 959 cedere,
193 938 225 953 tam
234 941 306 959 presens
316 941 365 959 quam
374 936 433 958 futuri,
446 937 505 954 dicens
518 937 563 959 quod
575 937 596 954 de
609 937 685 959 plenitu-

115 961 154 978 dine
163 962 251 983 potestatis
264 961 333 979 eandem
346 962 483 979 constitutionem
496 961 551 979 iacere
563 961 606 979 hene
619 963 685 984 posset

115 985 151 1006 Qua
161 986 205 1003 taeta
218 986 272 1003 statim
286 987 342 1003 cessit.
359 986 379 1003 Et
392 987 456 1003 electus
468 988 495 1003 est
507 988 546 1008 post
558 987 612 1009 ipsum
624 986 684 1004 Bene-

116 1011 170 1028 dictus
179 1010 268 1028 cardinalis
276 1011 304 1033 qui
313 1013 383 1029 vocatus
392 1013 418 1029 est
427 1011 528 1029 Boniiaoius.
540 1011 571 1032 Qui
580 1011 636 1029 statim
645 1013 685 1034 post

116 1036 216 1053 creationem
231 1040 277 1053 suam
287 1041 346 1053 omnes
355 1037 421 1058 gracias
433 1038 450 1053 et
463 1037 584 1054 concessiones
594 1041 637 1059 quas
645 1041 685 1059 pre-

134 1063 149 1080 «)
158 1063 196 1076 mum
203 1070 218 1073 -
227 1065 299 1077 :vanorum
308 1063 341 1076 serm
350 1064 364 1076 in
374 1063 398 1077 der
408 1063 426 1077 hs.
444 1064 460 1080 2)
469 1064 487 1077 rm
497 1063 526 1077 utu
536 1064 572 1077 1294.
