738 1221
124 60 158 78 362
300 67 318 79 rix
329 67 412 79 corrumpo
423 67 511 79 cucurum.

81 107 115 121 ¹228
124 104 179 120 autern
191 102 285 124 imperatori
298 102 422 125 adherentibus,
436 107 479 125 papa
488 102 556 119 Romam
565 102 659 125 egreditur,
672 104 688 120 et

123 127 205 144 cautelam
214 127 240 144 sui
249 127 314 144 habens
323 127 385 144 Pcrusii
395 128 476 149 moratur,
488 129 506 144 et
514 132 544 149 per
552 131 611 144 omnes
620 128 687 149 provin-

123 152 158 169 cias
168 152 234 174 publice
247 152 315 169 mandat
325 152 441 174 imperatorem
453 152 612 169 excommunicatum
623 152 686 169 denun-

123 177 171 199 ciari,
186 177 241 194 missis
254 177 320 194 nunciis
334 178 351 193 et
363 177 434 193 maxime
448 176 581 194 Predicatoribus
594 176 615 193 ad
628 176 646 193 id
658 181 687 193 ex-

123 201 222 224 equendum.
236 201 309 221 Quorum
317 205 361 218 unus
371 201 424 218 dictus
435 200 474 218 Otto
487 201 576 218 cardinalis
590 201 611 218 de
622 206 686 219 carcerc

123 226 199 243 Tulliano
207 226 293 247 legatione
303 228 373 248 accepta
379 226 396 243 in
404 226 502 243 Teutoniam
516 228 533 243 et
541 226 611 243 Daciam
618 226 687 248 mittitur,

123 252 171 268 cuius
179 251 249 268 intentio
257 252 292 268 erat
299 251 403 273 imperatoris
411 255 501 272 gravamen
514 255 603 273 procurare
613 252 630 267 et
639 255 687 273 super

123 276 155 293 hoc
168 276 255 293 consilium
268 278 346 297 expetere
357 275 424 293 Ottonis
437 275 484 292 ducis
499 275 520 293 de
532 275 639 297 Lunimburg.
655 275 687 292 Sed

123 300 167 318 idem
177 299 216 317 Otto
226 302 284 318 contra
291 301 406 323 imperatorem
415 301 469 317 renuit
476 300 538 322 aliquid
546 302 648 322 attemptare.
657 299 687 320 Qui

122 325 190 347 legatus
202 325 283 343 Leodium
293 326 376 342 civitatem
389 325 474 342 Hazbanie
485 326 565 343 veniens.
576 325 596 342 ab
605 325 688 342 advocato

122 350 199 372 Aquensi
210 352 226 367 et
235 350 310 367 Arnoldo
319 350 340 367 de
349 350 450 367 Gimmenicb
460 352 477 367 et
487 350 523 367 aliis
533 349 627 367 fautoribus
636 350 688 372 impe-

123 375 182 392 ratoris
192 375 264 397 fugatur,
273 376 290 392 et
297 375 324 392 vix
333 374 408 392 evadens
418 375 435 391 in
445 376 501 392 castro
509 375 558 396 Hoyo
566 375 649 396 recipitur.
658 375 687 392 l'ro

123 404 157 422 qua
164 400 223 417 iniuria
232 400 263 417 sibi
271 399 317 416 illata
324 400 500 417 excommunicationis
509 400 609 417 sententiam
618 400 635 416 in
643 399 689 416 Leo-

123 425 198 442 diensem
210 425 294 442 civilatem
307 425 409 447 promulgat,
422 425 467 441 exire
481 425 576 446 precipiens
592 426 645 441 totum
655 424 689 441 cle-

123 454 163 467 rum.
176 449 239 466 Eadem
251 449 302 466 eciam
316 449 487 466 excommunicatione
497 451 556 471 postca
566 448 658 471 Aquenses
667 449 688 466 li-

123 476 160 497 gat,
170 479 200 496 pro
210 479 231 491 eo
241 474 287 496 quod
295 474 392 496 episcopum
402 474 514 491 Mutinensem
521 474 542 491 de
549 474 606 491 Prucia
616 476 656 496 post
664 474 688 491 le-

123 499 208 521 gationem
217 503 264 516 suam
272 499 369 516 redeuntem
380 498 419 516 dicti
427 498 501 516 fautores
510 499 613 521 imperatoris
625 498 688 520 Aquis-

124 524 171 545 grani
180 525 259 545 ceperant
265 525 282 540 et
290 525 356 546 captum
366 523 475 546 detinuerant,
485 528 546 545 magna
554 524 647 545 quantitate
656 523 689 540 auri

124 548 183 565 ablata.
196 548 228 568 Qui
237 548 352 566 malefactores
359 553 389 571 pro
397 548 492 565 huiusmodi
501 552 574 566 excessu
583 547 654 565 Colouie
662 552 689 565 sa-

124 573 219 590 tisfactione
228 575 296 595 peracta
305 573 369 590 veniam
379 575 478 590 meruerunt.

160 598 224 615 Eodem
236 602 281 615 anno
295 598 387 620 episcopus
400 598 513 615 Traiectensis
526 599 599 615 castrum
611 597 689 615 Kuvordc

123 623 181 640 iterum
189 623 280 645 impugnat.
289 623 324 640 Sed
332 622 449 640 defensoribus
459 623 490 640 sibi
498 622 610 639 diffidentibus
618 624 690 639 castrum

123 648 140 665 in
147 648 248 665 deditionem
255 648 312 670 recipit
321 649 338 664 ct
347 647 427 664 nefarium
435 647 540 669 Rudolphum
548 647 632 664 dominum
641 647 690 664 castri

124 673 162 690 eicit
173 674 190 690 et
200 673 268 689 exulare
282 673 356 694 precipit.
370 672 401 693 Qui
413 672 479 690 exilium
490 672 571 689 simulans
583 672 650 689 occulte
662 676 689 689 re-

123 698 199 718 vertitur,
209 699 225 714 et
235 699 306 714 castrum
314 697 354 714 dolo
363 698 429 719 captum
440 697 525 719 possidet,
534 697 593 714 eiectis
602 697 635 714 illis
648 701 689 719 quos

123 722 214 744 episcopus
225 721 247 738 ibi
256 723 341 743 posuerat.
532 723 534 725 “

159 746 209 764 Anno
219 746 281 763 domini
289 746 597 768 n1.cc.xx.viiii.l²¹ridericusimperator
605 746 627 763 de
635 748 688 763 traus-

123 771 190 795 marinis
199 771 273 793 partibus
282 772 378 794 revertitur,
388 773 405 788 et
414 773 492 793 reputans
506 776 566 794 papam
575 773 650 793 tempore
660 775 689 788 sue

123 796 263 818 peregrinationis
278 796 309 813 sibi
321 796 394 818 graviter
407 796 505 818 iniuriarum,
519 796 590 818 quedam
604 797 661 813 castra
673 797 690 812 et

123 823 183 838 terram
196 825 243 838 suam
256 820 276 838 ab
289 821 362 838 exercitu
373 825 417 843 pape
426 822 491 843 captam
500 825 549 838 manu
558 821 652 838 Teutonico
661 825 688 837 re-

123 847 199 868 cuperat,
210 845 267 867 fugato
277 850 316 867 rege
325 845 403 863 Johanne
413 849 473 863 socero
483 850 519 863 suo.
532 846 576 862 Inter
585 850 618 867 que
628 845 688 862 civita-

123 872 156 887 tem
166 870 223 887 Soram
233 870 333 892 appellatam
341 875 375 888 uno
384 870 411 887 die
425 870 526 892 impugnans
536 871 581 892 capit
589 872 606 887 et
615 870 688 887 funditus

122 895 201 912 incendio
211 895 274 912 evertit.

159 920 200 942 lpso
213 925 258 937 anno
271 920 317 937 cives
331 920 442 937 colonienses
454 920 542 937 infamibus
551 919 652 937 mulierculis
661 923 689 941 per

124 945 206 966 quendam
215 945 328 967 Rudolphum,
338 945 398 962 salsum
407 945 473 962 fratrem
482 946 500 962 ut
509 947 569 967 postea
577 945 639 966 patuit,
651 944 688 966 quia

123 970 177 992 culpis
189 970 224 987 suis
237 969 344 992 exigentibus
357 969 463 991 postmodum
473 974 482 987 a
493 969 555 987 domno
570 974 614 991 papa
627 969 688 986 missus

123 996 150 1011 est
162 995 178 1011 in
191 999 259 1011 caveam
264 1008 269 1017 r
282 995 370 1011 conversis
379 996 396 1011 et
404 995 522 1016 congregatis,
536 994 603 1011 domum
611 993 688 1011 infundo

123 1019 195 1036 ecclesie
209 1020 261 1036 sancti
274 1019 381 1036 Pantaleonis
394 1024 446 1041 prope
458 1020 523 1036 vineam
533 1018 608 1036 ciusdem
617 1018 688 1036 ecclesie

124 1045 230 1066 construunt,
244 1046 260 1061 et
273 1044 349 1061 iratribus
365 1043 409 1061 dicte
421 1044 493 1061 ecclesie
509 1043 661 1061 contradicentibus
673 1044 689 1059 ct

123 1073 185 1086 novum
197 1073 240 1091 opus
251 1068 369 1086 nunciantibus
377 1073 429 1090 grave
438 1068 526 1091 dampnum
535 1068 616 1091 inierunt,
628 1068 686 1085 domos
