738 1221
120 43 155 59 itm
294 49 376 62 nonninus
386 50 405 61 nit
416 50 501 62 tristinen.

78 87 112 101 ¹298
157 84 206 102 Anno
216 84 278 101 domini
287 86 306 108 ut
313 89 363 106 supra
372 84 417 102 sesto
427 85 548 106 assumptionis
557 84 606 102 beate
614 85 690 106 Virginis

118 109 159 127 hora
168 110 257 131 matutina,
268 113 304 126 cum
314 110 346 126 ium
356 111 428 131 quatuor
435 111 494 126 essent
500 109 543 126 lecte
550 109 638 132 lectiones,
644 110 689 131 ignis

118 134 187 151 invaluit
195 134 241 151 iuxta
250 134 305 151 locum
315 134 343 156 qui
356 133 415 151 dicitur
423 134 451 151 die
465 134 559 156 schuppfe,
569 135 585 151 in
595 134 646 151 domo
656 139 689 156 que

119 159 179 176 dicitur
191 159 221 176 der
234 158 344 180 slemfinhus,
358 159 386 180 qui
398 159 503 180 consumpsit
511 160 564 176 tutum
573 159 618 176 illum
628 160 689 181 vicum,

119 184 173 201 vicum
187 185 261 201 sutorum
273 188 294 200 ex
307 185 377 205 utraque
390 185 442 205 parte,
456 183 480 200 Ex
494 183 516 200 ilo
525 184 566 205 igne
576 184 649 201 incensa
658 184 689 201 suit

119 209 181 226 nobilis
198 208 270 226 ecelesia
283 208 413 230 Argentinensis
430 210 447 225 et
462 210 562 231 eonsumpta
577 208 607 226 suit
621 209 690 231 penitus

120 238 175 251 morsu
184 234 235 255 ignisy
245 233 272 255 qui
282 237 316 250 non
325 233 379 250 solum
389 233 441 255 ipsam
451 233 546 255 ecelesiam,
556 233 586 250 sed
596 238 689 256 campanas

120 263 184 280 organa
193 260 210 275 et
219 260 287 275 ornatus
297 258 369 275 ecclesie
378 257 472 280 devoravit,
486 258 519 275 imo
529 258 578 275 etiam
588 260 662 276 remotas
671 259 689 275 in

120 283 192 300 cinerem
205 282 270 304 redegit
282 282 366 305 officinas,
379 283 395 300 in
405 284 467 300 tantum
477 282 522 304 quod
531 283 604 305 parietes
620 285 637 300 et
652 285 690 300 tes-

120 307 187 325 tudines
196 312 277 324 murorum
287 308 350 324 ruinam
357 307 466 324 minabantur.
474 307 499 324 Ex
506 307 534 325 illo
542 308 591 324 etiam
598 308 638 329 igne
646 312 690 325 oon-

121 333 181 355 sumpti
191 332 257 349 fuerunt
265 332 297 349 vici
306 334 345 349 ante
354 332 472 349 monasterium
482 336 518 349 eum
531 332 620 349 medietate
629 332 691 355 hospi-

120 357 158 375 talis
167 361 221 379 usque
230 357 251 374 ad
260 359 371 379 mercatores,
380 361 412 374 neo
421 361 455 374 noa
464 357 511 374 vicus
521 357 549 379 qui
558 357 616 374 dieitur
625 357 691 374 uidem

121 382 185 399 Graben
195 381 314 399 descendendo
324 386 378 404 usqne
387 381 408 399 ad
417 383 509 403 monetam,
518 383 535 399 et
543 382 650 404 postmodum
659 386 691 399 as-

121 406 209 424 condendo
218 407 273 424 vicum
282 406 397 429 Sporergasse
406 407 474 424 trahens
483 411 540 423 seeum
550 407 603 423 vicum
612 411 691 424 rasorum

121 433 159 449 ante
173 432 299 453 monasterium,
312 436 344 448 nec
356 435 390 448 non
403 431 469 449 domum
481 431 571 448 Hauwardi
580 433 624 448 retro
633 432 691 448 vieum

121 456 245 479 Sporergasse,
258 458 276 473 et
287 456 351 473 resedit
362 456 378 473 ia
392 456 442 473 don-o
451 456 524 473 Kusonis
533 460 554 473 ex
563 456 590 473 illa
599 458 646 478 parte
655 457 691 473 viei

121 483 138 498 et
146 486 167 498 ex
176 482 208 498 ista
216 483 263 503 parte
272 481 288 498 in
298 480 347 498 domo
356 480 396 498 dimi
405 481 452 498 Priol.

158 505 282 523 Anno.domini
294 507 311 522 ut
321 510 371 527 supra
380 510 389 522 a
399 505 442 523 testu
454 505 498 522 beati
507 505 566 523 Jacobi
576 505 649 528 apostoli
658 510 691 522 ns-

121 535 154 552 que
166 530 187 547 ad
200 530 260 547 festum
273 530 318 547 beati
329 530 392 547 Mathei
404 530 477 552 apostoli
491 529 528 553 [iuli
538 531 560 547 25
571 540 593 542 —
602 532 644 552 sept.
655 530 691 553 21]

121 555 216 577 persecutio
230 555 321 572 Judeorum
334 555 378 572 tacta
393 557 420 572 est
432 559 462 577 per
478 555 565 577 quemdam
581 555 653 572 nobilem
667 555 691 572 de

121 580 223 602 Frankonia,
237 580 265 601 qui
278 579 393 597 nominabatur
404 579 506 597 Rintileiseh.
523 579 626 601 Aggregatls
639 580 691 602 oopia

122 605 204 622 hominnm
218 604 289 627 occidit,
300 606 318 622 ut
331 604 400 626 dieitur,
414 606 478 622 centum
492 604 542 622 millia
551 604 652 627 Judeorum,
662 605 691 622 vi·-

121 630 183 647 delieet
194 629 258 647 Judeos
271 630 362 646 existentes
375 630 391 646 in
401 629 472 652 Erhipoli
481 630 581 651 Nyrenherg
591 631 607 647 et
616 634 653 646 eum
663 630 692 647 in-

122 655 177 676 quiras
190 656 206 671 et
219 655 295 671 nomines
306 654 355 671 villas
364 656 381 671 et
390 656 448 671 eastra.
462 654 517 671 Causa
526 655 599 677 ipsorum
607 659 692 677 perseeu-

122 679 173 696 tionis
182 679 220 701 suit,
230 679 275 701 qnod
284 680 302 696 ut
311 679 370 696 dicitur
378 679 395 696 in
405 684 465 701 corpus
474 679 540 696 Domini
552 679 657 701 deliquerunt
666 680 692 696 ita

122 704 204 726 graviter,
213 703 259 725 qued
267 704 349 726 permissa
358 703 406 720 suita
415 704 448 721 deo
457 704 551 726 persecutio
561 704 662 725 eorundem,
673 706 692 721 et

122 728 167 750 quod
177 729 225 745 etium
235 733 265 750 per
273 729 368 745 universum
377 733 446 750 regnum
456 728 624 751 suissentperseeuti,
634 729 648 745 si
656 729 691 746 do·

122 753 176 770 minus
185 753 263 770 Allienus
270 753 380 770 Romanorum
390 758 418 770 rex
427 754 444 770 in
453 754 549 770 reversione
558 753 579 770 ab
586 753 691 777 Aquisgrani

122 778 255 800 persecutionem
265 782 298 795 nou
308 778 391 795 sedasset.

159 802 203 820 Eone
207 803 264 819 mirum
268 802 342 820 mirabile
347 802 431 820 achonem
437 802 523 825 fortunam,
531 802 576 825 quod
581 802 663 820 Rudoltus
668 802 691 820 de

122 827 222 849 Hahesburg
230 827 340 844 Romanorum
347 832 376 844 rex
383 828 418 849 regi
423 828 491 845 Boemie
496 828 615 850 inimicabatur,
621 829 638 844 et
643 828 690 849 quod

122 857 159 869 euni
171 853 187 869 in
200 852 268 869 Boemia
281 852 297 869 in
308 856 339 869 sua
348 853 419 869 maxima
428 853 503 874 potentia
511 857 547 869 eum
557 852 628 869 ducibus
638 852 690 870 baro-

122 877 171 894 nibus
179 877 257 899 personis
266 877 350 894 nobilibus
358 877 505 894 innumerabilibus
517 877 606 899 interfecit,
616 877 690 894 multos-

122 906 154 923 que
163 901 216 919 duces
224 902 297 919 barones
307 903 324 918 et
330 902 372 919 alios
379 901 445 919 nobiles
452 902 496 924 cepit
505 903 522 918 et
528 902 603 924 captivos
612 901 690 924 detinuit,

122 927 197 948 exeeptis
209 926 299 943 intersectis
312 931 348 943 num
361 926 406 943 dieto
417 930 467 949 rege,
477 928 494 943 et
502 926 547 948 quod
556 926 577 943 de
586 928 633 949 parte
643 927 690 948 regis

122 951 234 968 Romanorum
248 951 287 968 nulli
300 950 365 968 ruerunt
377 950 458 968 interiecti
470 955 501 968 nec
514 951 591 973 eaptivati
605 955 637 968 nec
646 951 689 968 alias

122 980 190 998 quoquo
203 975 252 993 modo
266 975 352 993 molestati.
365 975 456 993 lliirabilius
472 976 561 993 notabilius
574 980 594 992 ao
606 975 689 993 fortunius

122 1000 195 1022 videtur,
209 1000 254 1022 quod
263 1000 341 1017 Alberlus
354 1000 387 1017 dux
396 1000 473 1022 Austrie,
486 1000 529 1017 [ilius
542 1000 606 1018 liudolfi
619 1000 689 1023 predicti

122 1026 167 1047 regis
176 1025 292 1047 Romanorum,
302 1026 371 1042 vocatus
381 1026 397 1042 et
405 1025 478 1047 legitime
487 1030 517 1047 per
525 1025 587 1042 litteras
597 1026 690 1048 principum

122 1052 199 1072 patentes
211 1050 294 1072 sigillatas
308 1050 367 1067 citatus
381 1050 426 1072 quod
435 1050 500 1067 veniret
509 1050 617 1067 Frankeniun
626 1050 648 1067 ad
657 1055 691 1067 uu-
