<?xml version="1.0" encoding="UTF-8"?>
<!DOCTYPE html PUBLIC "-//W3C//DTD XHTML 1.0 Transitional//EN"
    "http://www.w3.org/TR/xhtml1/DTD/xhtml1-transitional.dtd">
<html xmlns="http://www.w3.org/1999/xhtml" xml:lang="en" lang="en">
 <head>
  <title>
</title>
<meta http-equiv="Content-Type" content="text/html;charset=utf-8" />
  <meta name='ocr-system' content='tesseract 3.04.00' />
  <meta name='ocr-capabilities' content='ocr_page ocr_carea ocr_par ocr_line ocrx_word'/>
</head>
<body>
  <div class='ocr_page' id='page_1' title='image "./fontesrerumgerm05hubegoog_0221.png"; bbox 0 0 738 1221; ppageno 0'>
   <div class='ocr_carea' id='block_1_1' title="bbox 118 56 496 74">
    <p class='ocr_par' dir='ltr' id='par_1_1' title="bbox 118 56 496 74">
     <span class='ocr_line' id='line_1_1' title="bbox 118 56 496 74; baseline 0 -1"><span class='ocrx_word' id='word_1_1' title='bbox 118 56 152 73; x_wconf 81' lang='lat'><strong>160</strong></span> <span class='ocrx_word' id='word_1_2' title='bbox 303 62 366 74; x_wconf 59' lang='lat' dir='ltr'><strong>inuans</strong></span> <span class='ocrx_word' id='word_1_3' title='bbox 378 62 496 74; x_wconf 68' lang='lat' dir='ltr'><strong>woannrusm</strong></span> 
     </span>
    </p>
   </div>
   <div class='ocr_carea' id='block_1_2' title="bbox 116 97 689 1034">
    <p class='ocr_par' dir='ltr' id='par_1_2' title="bbox 116 97 687 589">
     <span class='ocr_line' id='line_1_2' title="bbox 153 97 684 119; baseline 0 -5"><span class='ocrx_word' id='word_1_4' title='bbox 153 97 226 115; x_wconf 78' lang='lat' dir='ltr'><strong>Fuerunt</strong></span> <span class='ocrx_word' id='word_1_5' title='bbox 235 97 273 114; x_wconf 81' lang='lat' dir='ltr'><strong>olim</strong></span> <span class='ocrx_word' id='word_1_6' title='bbox 283 97 338 113; x_wconf 81' lang='lat' dir='ltr'><strong>multis</strong></span> <span class='ocrx_word' id='word_1_7' title='bbox 350 97 451 119; x_wconf 75' lang='lat' dir='ltr'>temporibus</span> <span class='ocrx_word' id='word_1_8' title='bbox 460 98 476 114; x_wconf 91' lang='lat' dir='ltr'><strong>ia</strong></span> <span class='ocrx_word' id='word_1_9' title='bbox 485 97 551 114; x_wconf 80' lang='lat' dir='ltr'><strong>civitate</strong></span> <span class='ocrx_word' id='word_1_10' title='bbox 562 97 684 115; x_wconf 69' lang='lat' dir='ltr'><strong>wormaciensi</strong></span> 
     </span>
     <span class='ocr_line' id='line_1_3' title="bbox 116 121 684 144; baseline 0 -5"><span class='ocrx_word' id='word_1_11' title='bbox 116 122 227 144; x_wconf 75' lang='lat' dir='ltr'><strong>quadraginta</strong></span> <span class='ocrx_word' id='word_1_12' title='bbox 236 121 324 144; x_wconf 82' lang='lat' dir='ltr'><strong>consules,</strong></span> <span class='ocrx_word' id='word_1_13' title='bbox 333 121 412 138; x_wconf 78' lang='lat' dir='ltr'><strong>videlicet</strong></span> <span class='ocrx_word' id='word_1_14' title='bbox 421 122 478 143; x_wconf 77' lang='lat' dir='ltr'><strong>viginti</strong></span> <span class='ocrx_word' id='word_1_15' title='bbox 487 123 526 139; x_wconf 84' lang='lat' dir='ltr'><strong>octo</strong></span> <span class='ocrx_word' id='word_1_16' title='bbox 535 123 581 139; x_wconf 84' lang='lat' dir='ltr'><strong>cives</strong></span> <span class='ocrx_word' id='word_1_17' title='bbox 590 124 608 139; x_wconf 81' lang='lat' dir='ltr'><strong>et</strong></span> <span class='ocrx_word' id='word_1_18' title='bbox 615 121 684 139; x_wconf 83' lang='lat' dir='ltr'><strong>duode-</strong></span> 
     </span>
     <span class='ocr_line' id='line_1_4' title="bbox 116 146 684 169; baseline -0.002 -5"><span class='ocrx_word' id='word_1_19' title='bbox 116 148 146 164; x_wconf 92' lang='lat' dir='ltr'><strong>cim</strong></span> <span class='ocrx_word' id='word_1_20' title='bbox 156 147 216 164; x_wconf 75' lang='lat' dir='ltr'><strong>milites</strong></span> <span class='ocrx_word' id='word_1_21' title='bbox 229 146 300 163; x_wconf 79' lang='lat' dir='ltr'><strong>ecclesie</strong></span> <span class='ocrx_word' id='word_1_22' title='bbox 310 146 437 169; x_wconf 67' lang='lat' dir='ltr'><strong>ministeriales,</strong></span> <span class='ocrx_word' id='word_1_23' title='bbox 451 147 478 168; x_wconf 85' lang='lat' dir='ltr'><strong>qui</strong></span> <span class='ocrx_word' id='word_1_24' title='bbox 490 151 520 168; x_wconf 91' lang='lat' dir='ltr'><strong>per</strong></span> <span class='ocrx_word' id='word_1_25' title='bbox 528 151 547 164; x_wconf 85' lang='lat' dir='ltr'><strong>se</strong></span> <span class='ocrx_word' id='word_1_26' title='bbox 555 147 592 163; x_wconf 85' lang='lat' dir='ltr'><strong>sine</strong></span> <span class='ocrx_word' id='word_1_27' title='bbox 600 147 684 169; x_wconf 81' lang='lat' dir='ltr'><strong>episcopo</strong></span> 
     </span>
     <span class='ocr_line' id='line_1_5' title="bbox 116 171 683 193; baseline 0 -5"><span class='ocrx_word' id='word_1_28' title='bbox 116 174 167 189; x_wconf 82' lang='lat' dir='ltr'><strong>totam</strong></span> <span class='ocrx_word' id='word_1_29' title='bbox 184 173 262 188; x_wconf 77' lang='lat' dir='ltr'><strong>rexerunt</strong></span> <span class='ocrx_word' id='word_1_30' title='bbox 278 171 365 188; x_wconf 70' lang='lat' dir='ltr'><strong>civitatem,</strong></span> <span class='ocrx_word' id='word_1_31' title='bbox 381 171 402 188; x_wconf 90' lang='lat' dir='ltr'><strong>Et</strong></span> <span class='ocrx_word' id='word_1_32' title='bbox 412 171 426 188; x_wconf 89' lang='lat' dir='ltr'><strong>si</strong></span> <span class='ocrx_word' id='word_1_33' title='bbox 438 176 481 188; x_wconf 85' lang='lat' dir='ltr'><strong>anns</strong></span> <span class='ocrx_word' id='word_1_34' title='bbox 492 171 566 189; x_wconf 82' lang='lat' dir='ltr'><strong>decessit</strong></span> <span class='ocrx_word' id='word_1_35' title='bbox 579 171 611 193; x_wconf 80' lang='lat' dir='ltr'><strong>ipsi</strong></span> <span class='ocrx_word' id='word_1_36' title='bbox 622 175 652 193; x_wconf 88' lang='lat' dir='ltr'><strong>per</strong></span> <span class='ocrx_word' id='word_1_37' title='bbox 664 176 683 189; x_wconf 83' lang='lat' dir='ltr'><strong>se</strong></span> 
     </span>
     <span class='ocr_line' id='line_1_6' title="bbox 116 196 684 218; baseline 0 -5"><span class='ocrx_word' id='word_1_38' title='bbox 116 197 166 214; x_wconf 74' lang='lat' dir='ltr'><strong>alium</strong></span> <span class='ocrx_word' id='word_1_39' title='bbox 175 196 305 218; x_wconf 80' lang='lat' dir='ltr'><strong>constituerunt,</strong></span> <span class='ocrx_word' id='word_1_40' title='bbox 313 200 371 218; x_wconf 81' lang='lat' dir='ltr'><strong>paoem</strong></span> <span class='ocrx_word' id='word_1_41' title='bbox 380 196 431 212; x_wconf 78' lang='lat' dir='ltr'><strong>ceiam</strong></span> <span class='ocrx_word' id='word_1_42' title='bbox 439 196 537 213; x_wconf 66' lang='lat' dir='ltr'><strong>iudicantes.</strong></span> <span class='ocrx_word' id='word_1_43' title='bbox 551 196 570 213; x_wconf 83' lang='lat' dir='ltr'><strong>Et</strong></span> <span class='ocrx_word' id='word_1_44' title='bbox 579 196 610 213; x_wconf 83' lang='lat' dir='ltr'><strong>hec</strong></span> <span class='ocrx_word' id='word_1_45' title='bbox 616 196 684 213; x_wconf 79' lang='lat' dir='ltr'><strong>suerunt</strong></span> 
     </span>
     <span class='ocr_line' id='line_1_7' title="bbox 117 220 683 243; baseline -0.002 -5"><span class='ocrx_word' id='word_1_46' title='bbox 117 221 138 238; x_wconf 79' lang='lat' dir='ltr'><strong>ab</strong></span> <span class='ocrx_word' id='word_1_47' title='bbox 146 220 271 243; x_wconf 68' lang='lat' dir='ltr'><strong>imperatoribus</strong></span> <span class='ocrx_word' id='word_1_48' title='bbox 281 222 297 237; x_wconf 93' lang='lat' dir='ltr'><strong>et</strong></span> <span class='ocrx_word' id='word_1_49' title='bbox 307 220 375 241; x_wconf 77' lang='lat' dir='ltr'><strong>regibus</strong></span> <span class='ocrx_word' id='word_1_50' title='bbox 384 220 494 238; x_wconf 83' lang='lat' dir='ltr'><strong>Romanorum</strong></span> <span class='ocrx_word' id='word_1_51' title='bbox 504 221 576 238; x_wconf 72' lang='lat' dir='ltr'><strong>stabilita</strong></span> <span class='ocrx_word' id='word_1_52' title='bbox 580 234 585 243; x_wconf 85' lang='lat'><strong>,</strong></span> <span class='ocrx_word' id='word_1_53' title='bbox 597 223 614 238; x_wconf 80' lang='lat' dir='ltr'><strong>et</strong></span> <span class='ocrx_word' id='word_1_54' title='bbox 624 225 683 238; x_wconf 80' lang='lat' dir='ltr'><strong>eornm</strong></span> 
     </span>
     <span class='ocr_line' id='line_1_8' title="bbox 117 245 685 268; baseline -0.002 -5"><span class='ocrx_word' id='word_1_55' title='bbox 117 246 209 268; x_wconf 74' lang='lat' dir='ltr'><strong>privilegiis</strong></span> <span class='ocrx_word' id='word_1_56' title='bbox 222 245 260 262; x_wconf 83' lang='lat' dir='ltr'><strong>data</strong></span> <span class='ocrx_word' id='word_1_57' title='bbox 274 247 290 262; x_wconf 90' lang='lat' dir='ltr'><strong>et</strong></span> <span class='ocrx_word' id='word_1_58' title='bbox 299 245 401 262; x_wconf 78' lang='lat' dir='ltr'><strong>confirmata.</strong></span> <span class='ocrx_word' id='word_1_59' title='bbox 414 245 477 262; x_wconf 86' lang='lat' dir='ltr'><strong>Videris</strong></span> <span class='ocrx_word' id='word_1_60' title='bbox 486 245 518 262; x_wconf 88' lang='lat' dir='ltr'><strong>hec</strong></span> <span class='ocrx_word' id='word_1_61' title='bbox 527 245 627 263; x_wconf 83' lang='lat' dir='ltr'><strong>venerabilis</strong></span> <span class='ocrx_word' id='word_1_62' title='bbox 637 247 685 267; x_wconf 82' lang='lat' dir='ltr'><strong>pater</strong></span> 
     </span>
     <span class='ocr_line' id='line_1_9' title="bbox 117 270 686 292; baseline -0.002 -4"><span class='ocrx_word' id='word_1_63' title='bbox 117 271 195 288; x_wconf 86' lang='lat' dir='ltr'><strong>dominus</strong></span> <span class='ocrx_word' id='word_1_64' title='bbox 204 270 291 287; x_wconf 84' lang='lat' dir='ltr'><strong>Heinricus</strong></span> <span class='ocrx_word' id='word_1_65' title='bbox 301 270 432 287; x_wconf 76' lang='lat' dir='ltr'><strong>Wormaciensis</strong></span> <span class='ocrx_word' id='word_1_66' title='bbox 440 271 539 292; x_wconf 81' lang='lat' dir='ltr'><strong>episcopus,</strong></span> <span class='ocrx_word' id='word_1_67' title='bbox 550 271 575 287; x_wconf 88' lang='lat' dir='ltr'><strong>vir</strong></span> <span class='ocrx_word' id='word_1_68' title='bbox 586 271 654 292; x_wconf 77' lang='lat' dir='ltr'><strong>sapiens</strong></span> <span class='ocrx_word' id='word_1_69' title='bbox 668 272 686 287; x_wconf 89' lang='lat' dir='ltr'><strong>et</strong></span> 
     </span>
     <span class='ocr_line' id='line_1_10' title="bbox 117 294 684 317; baseline 0 -5"><span class='ocrx_word' id='word_1_70' title='bbox 117 296 256 317; x_wconf 76' lang='lat' dir='ltr'><strong>circumspectus,</strong></span> <span class='ocrx_word' id='word_1_71' title='bbox 267 294 313 317; x_wconf 85' lang='lat' dir='ltr'><strong>quud</strong></span> <span class='ocrx_word' id='word_1_72' title='bbox 321 295 357 317; x_wconf 84' lang='lat' dir='ltr'><strong>ipse</strong></span> <span class='ocrx_word' id='word_1_73' title='bbox 367 294 413 311; x_wconf 90' lang='lat' dir='ltr'><strong>nullo</strong></span> <span class='ocrx_word' id='word_1_74' title='bbox 424 295 482 312; x_wconf 77' lang='lat' dir='ltr'><strong>honori</strong></span> <span class='ocrx_word' id='word_1_75' title='bbox 491 295 523 313; x_wconf 84' lang='lat' dir='ltr'><strong>nisi</strong></span> <span class='ocrx_word' id='word_1_76' title='bbox 532 295 570 312; x_wconf 80' lang='lat' dir='ltr'><strong>solo</strong></span> <span class='ocrx_word' id='word_1_77' title='bbox 582 299 613 312; x_wconf 82' lang='lat' dir='ltr'><strong>suo</strong></span> <span class='ocrx_word' id='word_1_78' title='bbox 622 295 684 312; x_wconf 83' lang='lat' dir='ltr'><strong>iudicio</strong></span> 
     </span>
     <span class='ocr_line' id='line_1_11' title="bbox 117 319 684 342; baseline 0 -6"><span class='ocrx_word' id='word_1_79' title='bbox 117 320 203 342; x_wconf 79' lang='lat' dir='ltr'><strong>utebatur,</strong></span> <span class='ocrx_word' id='word_1_80' title='bbox 212 322 229 337; x_wconf 84' lang='lat' dir='ltr'><strong>et</strong></span> <span class='ocrx_word' id='word_1_81' title='bbox 238 324 247 337; x_wconf 81' lang='lat' dir='ltr'><strong>a</strong></span> <span class='ocrx_word' id='word_1_82' title='bbox 255 319 320 337; x_wconf 78' lang='lat' dir='ltr'><strong>civibus</strong></span> <span class='ocrx_word' id='word_1_83' title='bbox 328 319 376 341; x_wconf 79' lang='lat' dir='ltr'><strong>quasi</strong></span> <span class='ocrx_word' id='word_1_84' title='bbox 386 319 429 336; x_wconf 84' lang='lat' dir='ltr'><strong>alius</strong></span> <span class='ocrx_word' id='word_1_85' title='bbox 440 320 514 342; x_wconf 82' lang='lat' dir='ltr'><strong>prelatus</strong></span> <span class='ocrx_word' id='word_1_86' title='bbox 524 320 639 342; x_wconf 77' lang='lat' dir='ltr'><strong>reputabatur,</strong></span> <span class='ocrx_word' id='word_1_87' title='bbox 650 320 684 337; x_wconf 78' lang='lat' dir='ltr'><strong>lio-</strong></span> 
     </span>
     <span class='ocr_line' id='line_1_12' title="bbox 118 344 685 366; baseline -0.002 -4"><span class='ocrx_word' id='word_1_88' title='bbox 118 349 174 362; x_wconf 79' lang='lat' dir='ltr'><strong>norem</strong></span> <span class='ocrx_word' id='word_1_89' title='bbox 182 345 254 362; x_wconf 64' lang='lat' dir='ltr'><strong>ecclesie</strong></span> <span class='ocrx_word' id='word_1_90' title='bbox 263 349 292 361; x_wconf 80' lang='lat' dir='ltr'><strong>sue</strong></span> <span class='ocrx_word' id='word_1_91' title='bbox 300 344 395 366; x_wconf 82' lang='lat' dir='ltr'><strong>attendens,</strong></span> <span class='ocrx_word' id='word_1_92' title='bbox 404 345 476 361; x_wconf 80' lang='lat' dir='ltr'><strong>accessit</strong></span> <span class='ocrx_word' id='word_1_93' title='bbox 482 344 503 361; x_wconf 83' lang='lat' dir='ltr'><strong>ad</strong></span> <span class='ocrx_word' id='word_1_94' title='bbox 512 345 574 361; x_wconf 84' lang='lat' dir='ltr'><strong>curiam</strong></span> <span class='ocrx_word' id='word_1_95' title='bbox 583 344 645 361; x_wconf 87' lang='lat' dir='ltr'><strong>domini</strong></span> <span class='ocrx_word' id='word_1_96' title='bbox 653 345 685 361; x_wconf 89' lang='lat' dir='ltr'><strong>im-</strong></span> 
     </span>
     <span class='ocr_line' id='line_1_13' title="bbox 118 368 685 392; baseline 0 -6"><span class='ocrx_word' id='word_1_97' title='bbox 118 370 199 392; x_wconf 79' lang='lat' dir='ltr'><strong>peratoris</strong></span> <span class='ocrx_word' id='word_1_98' title='bbox 216 369 293 386; x_wconf 83' lang='lat' dir='ltr'><strong>Friderici</strong></span> <span class='ocrx_word' id='word_1_99' title='bbox 304 369 321 386; x_wconf 88' lang='lat' dir='ltr'><strong>in</strong></span> <span class='ocrx_word' id='word_1_100' title='bbox 337 368 417 386; x_wconf 80' lang='lat' dir='ltr'><strong>Ravenna</strong></span> <span class='ocrx_word' id='word_1_101' title='bbox 430 369 497 386; x_wconf 76' lang='lat' dir='ltr'><strong>civitate</strong></span> <span class='ocrx_word' id='word_1_102' title='bbox 511 369 611 386; x_wconf 74' lang='lat' dir='ltr'><strong>celebratam</strong></span> <span class='ocrx_word' id='word_1_103' title='bbox 625 368 685 392; x_wconf 83' lang='lat'>[1232</span> 
     </span>
     <span class='ocr_line' id='line_1_14' title="bbox 118 393 686 417; baseline 0 -6"><span class='ocrx_word' id='word_1_104' title='bbox 118 393 165 417; x_wconf 77' lang='lat' dir='ltr'><strong>ian.].</strong></span> <span class='ocrx_word' id='word_1_105' title='bbox 178 394 199 411; x_wconf 88' lang='lat' dir='ltr'><strong>Et</strong></span> <span class='ocrx_word' id='word_1_106' title='bbox 207 394 229 411; x_wconf 87' lang='lat' dir='ltr'><strong>ibi</strong></span> <span class='ocrx_word' id='word_1_107' title='bbox 238 398 293 411; x_wconf 78' lang='lat' dir='ltr'><strong>eoram</strong></span> <span class='ocrx_word' id='word_1_108' title='bbox 301 394 356 410; x_wconf 87' lang='lat' dir='ltr'><strong>multis</strong></span> <span class='ocrx_word' id='word_1_109' title='bbox 363 393 465 416; x_wconf 74' lang='lat' dir='ltr'><strong>principibus</strong></span> <span class='ocrx_word' id='word_1_110' title='bbox 473 398 523 416; x_wconf 86' lang='lat' dir='ltr'><strong>super</strong></span> <span class='ocrx_word' id='word_1_111' title='bbox 532 394 569 411; x_wconf 88' lang='lat' dir='ltr'><strong>istis</strong></span> <span class='ocrx_word' id='word_1_112' title='bbox 578 394 645 411; x_wconf 81' lang='lat' dir='ltr'><strong>domino</strong></span> <span class='ocrx_word' id='word_1_113' title='bbox 652 394 686 411; x_wconf 88' lang='lat' dir='ltr'><strong>im-</strong></span> 
     </span>
     <span class='ocr_line' id='line_1_15' title="bbox 118 418 686 441; baseline 0 -6"><span class='ocrx_word' id='word_1_114' title='bbox 118 419 197 441; x_wconf 81' lang='lat' dir='ltr'><strong>peraturi,</strong></span> <span class='ocrx_word' id='word_1_115' title='bbox 210 421 227 436; x_wconf 88' lang='lat' dir='ltr'><strong>et</strong></span> <span class='ocrx_word' id='word_1_116' title='bbox 239 423 290 441; x_wconf 87' lang='lat' dir='ltr'><strong>super</strong></span> <span class='ocrx_word' id='word_1_117' title='bbox 302 419 388 436; x_wconf 86' lang='lat' dir='ltr'><strong>consortio</strong></span> <span class='ocrx_word' id='word_1_118' title='bbox 400 418 519 435; x_wconf 71' lang='lat' dir='ltr'><strong>fraternitatum</strong></span> <span class='ocrx_word' id='word_1_119' title='bbox 533 420 614 441; x_wconf 81' lang='lat' dir='ltr'><strong>cuiusque</strong></span> <span class='ocrx_word' id='word_1_120' title='bbox 627 419 686 441; x_wconf 84' lang='lat' dir='ltr'><strong>operis</strong></span> 
     </span>
     <span class='ocr_line' id='line_1_16' title="bbox 119 443 686 466; baseline -0.002 -5"><span class='ocrx_word' id='word_1_121' title='bbox 119 449 158 461; x_wconf 85' lang='lat' dir='ltr'><strong>suas</strong></span> <span class='ocrx_word' id='word_1_122' title='bbox 163 444 275 466; x_wconf 71' lang='lat' dir='ltr'><strong>querimonias</strong></span> <span class='ocrx_word' id='word_1_123' title='bbox 280 443 404 460; x_wconf 80' lang='lat' dir='ltr'><strong>demonstravit.</strong></span> <span class='ocrx_word' id='word_1_124' title='bbox 409 443 498 460; x_wconf 76' lang='lat' dir='ltr'><strong>Allirmans</strong></span> <span class='ocrx_word' id='word_1_125' title='bbox 503 444 588 466; x_wconf 80' lang='lat' dir='ltr'><strong>instanter,</strong></span> <span class='ocrx_word' id='word_1_126' title='bbox 594 448 612 460; x_wconf 91' lang='lat' dir='ltr'><strong>se</strong></span> <span class='ocrx_word' id='word_1_127' title='bbox 617 445 686 465; x_wconf 82' lang='lat' dir='ltr'><strong>propter</strong></span> 
     </span>
     <span class='ocr_line' id='line_1_17' title="bbox 118 468 686 489; baseline 0 -4"><span class='ocrx_word' id='word_1_128' title='bbox 118 468 238 486; x_wconf 77' lang='lat' dir='ltr'><strong>multitudinem</strong></span> <span class='ocrx_word' id='word_1_129' title='bbox 243 468 330 489; x_wconf 80' lang='lat' dir='ltr'><strong>consulum</strong></span> <span class='ocrx_word' id='word_1_130' title='bbox 337 470 353 485; x_wconf 84' lang='lat' dir='ltr'><strong>et</strong></span> <span class='ocrx_word' id='word_1_131' title='bbox 362 468 459 485; x_wconf 82' lang='lat' dir='ltr'><strong>societatem</strong></span> <span class='ocrx_word' id='word_1_132' title='bbox 467 468 586 485; x_wconf 65' lang='lat' dir='ltr'><strong>fraternitatum</strong></span> <span class='ocrx_word' id='word_1_133' title='bbox 593 469 609 485; x_wconf 92' lang='lat' dir='ltr'><strong>in</strong></span> <span class='ocrx_word' id='word_1_134' title='bbox 617 468 686 485; x_wconf 75' lang='lat' dir='ltr'><strong>civitate</strong></span> 
     </span>
     <span class='ocr_line' id='line_1_18' title="bbox 119 492 685 515; baseline -0.002 -4"><span class='ocrx_word' id='word_1_135' title='bbox 119 498 149 511; x_wconf 87' lang='lat' dir='ltr'><strong>sua</strong></span> <span class='ocrx_word' id='word_1_136' title='bbox 162 498 192 515; x_wconf 81' lang='lat' dir='ltr'><strong>pro</strong></span> <span class='ocrx_word' id='word_1_137' title='bbox 205 493 267 510; x_wconf 74' lang='lat' dir='ltr'><strong>nichilo</strong></span> <span class='ocrx_word' id='word_1_138' title='bbox 280 493 357 514; x_wconf 83' lang='lat' dir='ltr'><strong>reputari.</strong></span> <span class='ocrx_word' id='word_1_139' title='bbox 370 492 446 510; x_wconf 76' lang='lat' dir='ltr'><strong>Audiens</strong></span> <span class='ocrx_word' id='word_1_140' title='bbox 459 493 490 510; x_wconf 82' lang='lat' dir='ltr'><strong>hec</strong></span> <span class='ocrx_word' id='word_1_141' title='bbox 502 493 579 510; x_wconf 85' lang='lat' dir='ltr'><strong>dominus</strong></span> <span class='ocrx_word' id='word_1_142' title='bbox 589 493 685 515; x_wconf 79' lang='lat' dir='ltr'><strong>imperator,</strong></span> 
     </span>
     <span class='ocr_line' id='line_1_19' title="bbox 119 517 686 539; baseline 0 -5"><span class='ocrx_word' id='word_1_143' title='bbox 119 518 182 535; x_wconf 78' lang='lat' dir='ltr'><strong>sedens</strong></span> <span class='ocrx_word' id='word_1_144' title='bbox 191 522 227 534; x_wconf 84' lang='lat' dir='ltr'><strong>cum</strong></span> <span class='ocrx_word' id='word_1_145' title='bbox 235 517 337 539; x_wconf 78' lang='lat' dir='ltr'><strong>principibus</strong></span> <span class='ocrx_word' id='word_1_146' title='bbox 349 522 378 539; x_wconf 85' lang='lat' dir='ltr'><strong>per</strong></span> <span class='ocrx_word' id='word_1_147' title='bbox 385 518 484 534; x_wconf 79' lang='lat' dir='ltr'><strong>sententiam</strong></span> <span class='ocrx_word' id='word_1_148' title='bbox 495 522 551 535; x_wconf 82' lang='lat' dir='ltr'><strong>eorum</strong></span> <span class='ocrx_word' id='word_1_149' title='bbox 562 518 593 535; x_wconf 82' lang='lat' dir='ltr'><strong>heo</strong></span> <span class='ocrx_word' id='word_1_150' title='bbox 604 519 648 534; x_wconf 81' lang='lat' dir='ltr'><strong>stare</strong></span> <span class='ocrx_word' id='word_1_151' title='bbox 656 517 686 534; x_wconf 84' lang='lat' dir='ltr'><strong>ul-</strong></span> 
     </span>
     <span class='ocr_line' id='line_1_20' title="bbox 119 541 687 570; baseline 0 -11"><span class='ocrx_word' id='word_1_152' title='bbox 119 543 170 560; x_wconf 83' lang='lat' dir='ltr'><strong>terius</strong></span> <span class='ocrx_word' id='word_1_153' title='bbox 179 547 213 559; x_wconf 82' lang='lat' dir='ltr'><strong>non</strong></span> <span class='ocrx_word' id='word_1_154' title='bbox 225 546 276 570; x_wconf 77' lang='lat' dir='ltr'><strong>posse</strong></span> <span class='ocrx_word' id='word_1_155' title='bbox 284 541 392 564; x_wconf 75' lang='lat' dir='ltr'><strong>abiudicavit</strong></span> <span class='ocrx_word' id='word_1_156' title='bbox 404 541 427 559; x_wconf 85' lang='lat' dir='ltr'><strong>et&#39;</strong></span> <span class='ocrx_word' id='word_1_157' title='bbox 436 542 491 559; x_wconf 78' lang='lat' dir='ltr'><strong>literas</strong></span> <span class='ocrx_word' id='word_1_158' title='bbox 500 547 544 568; x_wconf 77' lang='lat' dir='ltr'><strong>suas</strong></span> <span class='ocrx_word' id='word_1_159' title='bbox 552 542 623 559; x_wconf 77' lang='lat' dir='ltr'><strong>bullatas</strong></span> <span class='ocrx_word' id='word_1_160' title='bbox 634 547 687 564; x_wconf 88' lang='lat' dir='ltr'><strong>super</strong></span> 
     </span>
     <span class='ocr_line' id='line_1_21' title="bbox 119 565 452 589; baseline -0.003 -5"><span class='ocrx_word' id='word_1_161' title='bbox 119 567 151 584; x_wconf 82' lang='lat' dir='ltr'><strong>hoc</strong></span> <span class='ocrx_word' id='word_1_162' title='bbox 158 567 225 584; x_wconf 81' lang='lat' dir='ltr'><strong>domino</strong></span> <span class='ocrx_word' id='word_1_163' title='bbox 233 567 314 589; x_wconf 74' lang='lat' dir='ltr'><strong>episcopo</strong></span> <span class='ocrx_word' id='word_1_164' title='bbox 323 566 388 584; x_wconf 79' lang='lat' dir='ltr'><strong>tradidit</strong></span> <span class='ocrx_word' id='word_1_165' title='bbox 396 565 452 589; x_wconf 81' lang='lat' dir='ltr'><strong>[mai]</strong></span> 
     </span>
    </p>

    <p class='ocr_par' dir='ltr' id='par_1_3' title="bbox 119 591 688 862">
     <span class='ocr_line' id='line_1_22' title="bbox 156 591 686 614; baseline 0.002 -6"><span class='ocrx_word' id='word_1_166' title='bbox 156 591 240 609; x_wconf 83' lang='lat' dir='ltr'><strong>Reversus</strong></span> <span class='ocrx_word' id='word_1_167' title='bbox 253 592 309 613; x_wconf 75' lang='lat' dir='ltr'><strong>itaque</strong></span> <span class='ocrx_word' id='word_1_168' title='bbox 318 596 354 608; x_wconf 92' lang='lat' dir='ltr'><strong>cam</strong></span> <span class='ocrx_word' id='word_1_169' title='bbox 366 591 428 613; x_wconf 74' lang='lat' dir='ltr'><strong>gaudia</strong></span> <span class='ocrx_word' id='word_1_170' title='bbox 438 591 492 608; x_wconf 85' lang='lat' dir='ltr'><strong>dictus</strong></span> <span class='ocrx_word' id='word_1_171' title='bbox 503 591 580 609; x_wconf 80' lang='lat' dir='ltr'><strong>dominus</strong></span> <span class='ocrx_word' id='word_1_172' title='bbox 593 592 686 614; x_wconf 77' lang='lat' dir='ltr'><strong>episcopus</strong></span> 
     </span>
     <span class='ocr_line' id='line_1_23' title="bbox 119 616 686 639; baseline 0 -6"><span class='ocrx_word' id='word_1_173' title='bbox 119 617 163 634; x_wconf 84' lang='lat' dir='ltr'><strong>misit</strong></span> <span class='ocrx_word' id='word_1_174' title='bbox 176 617 193 634; x_wconf 86' lang='lat' dir='ltr'><strong>ia</strong></span> <span class='ocrx_word' id='word_1_175' title='bbox 204 617 287 633; x_wconf 83' lang='lat' dir='ltr'><strong>civitatem</strong></span> <span class='ocrx_word' id='word_1_176' title='bbox 295 616 352 633; x_wconf 84' lang='lat' dir='ltr'><strong>literas</strong></span> <span class='ocrx_word' id='word_1_177' title='bbox 360 616 465 633; x_wconf 81' lang='lat' dir='ltr'><strong>inlrihicionis</strong></span> <span class='ocrx_word' id='word_1_178' title='bbox 474 616 536 634; x_wconf 91' lang='lat' dir='ltr'><strong>domini</strong></span> <span class='ocrx_word' id='word_1_179' title='bbox 544 617 648 639; x_wconf 78' lang='lat' dir='ltr'><strong>imperatoris</strong></span> <span class='ocrx_word' id='word_1_180' title='bbox 655 621 686 639; x_wconf 83' lang='lat' dir='ltr'><strong>per</strong></span> 
     </span>
     <span class='ocr_line' id='line_1_24' title="bbox 119 641 686 663; baseline -0.002 -4"><span class='ocrx_word' id='word_1_181' title='bbox 119 641 231 659; x_wconf 81' lang='lat' dir='ltr'><strong>Reinliardum</strong></span> <span class='ocrx_word' id='word_1_182' title='bbox 243 641 331 658; x_wconf 75' lang='lat' dir='ltr'><strong>scultetum</strong></span> <span class='ocrx_word' id='word_1_183' title='bbox 343 641 364 658; x_wconf 88' lang='lat' dir='ltr'><strong>de</strong></span> <span class='ocrx_word' id='word_1_184' title='bbox 377 641 435 663; x_wconf 77' lang='lat' dir='ltr'><strong>Lutra,</strong></span> <span class='ocrx_word' id='word_1_185' title='bbox 449 646 491 663; x_wconf 79' lang='lat' dir='ltr'><strong>quas</strong></span> <span class='ocrx_word' id='word_1_186' title='bbox 502 642 548 658; x_wconf 87' lang='lat' dir='ltr'><strong>cives</strong></span> <span class='ocrx_word' id='word_1_187' title='bbox 559 642 625 658; x_wconf 83' lang='lat' dir='ltr'><strong>&#39;minime</strong></span> <span class='ocrx_word' id='word_1_188' title='bbox 634 646 686 658; x_wconf 85' lang='lat' dir='ltr'><strong>cara-</strong></span> 
     </span>
     <span class='ocr_line' id='line_1_25' title="bbox 120 666 687 688; baseline 0 -5"><span class='ocrx_word' id='word_1_189' title='bbox 120 668 182 684; x_wconf 30' lang='lat' dir='ltr'><strong>verunt*</strong></span> <span class='ocrx_word' id='word_1_190' title='bbox 196 666 270 683; x_wconf 81' lang='lat' dir='ltr'><strong>Tandem</strong></span> <span class='ocrx_word' id='word_1_191' title='bbox 279 666 355 683; x_wconf 81' lang='lat' dir='ltr'><strong>dominus</strong></span> <span class='ocrx_word' id='word_1_192' title='bbox 365 666 461 688; x_wconf 70' lang='lat' dir='ltr'><strong>episcopus,</strong></span> <span class='ocrx_word' id='word_1_193' title='bbox 469 666 529 683; x_wconf 86' lang='lat' dir='ltr'><strong>videns</strong></span> <span class='ocrx_word' id='word_1_194' title='bbox 535 670 592 684; x_wconf 84' lang='lat' dir='ltr'><strong>eorum</strong></span> <span class='ocrx_word' id='word_1_195' title='bbox 601 666 687 683; x_wconf 83' lang='lat' dir='ltr'><strong>resisten-</strong></span> 
     </span>
     <span class='ocr_line' id='line_1_26' title="bbox 120 690 686 714; baseline 0 -7"><span class='ocrx_word' id='word_1_196' title='bbox 120 692 167 714; x_wconf 80' lang='lat' dir='ltr'><strong>tiam,</strong></span> <span class='ocrx_word' id='word_1_197' title='bbox 178 691 251 713; x_wconf 79' lang='lat' dir='ltr'><strong>gladium</strong></span> <span class='ocrx_word' id='word_1_198' title='bbox 259 695 307 708; x_wconf 88' lang='lat' dir='ltr'><strong>suum</strong></span> <span class='ocrx_word' id='word_1_199' title='bbox 316 691 417 713; x_wconf 83' lang='lat' dir='ltr'><strong>spiritualem</strong></span> <span class='ocrx_word' id='word_1_200' title='bbox 426 690 499 713; x_wconf 82' lang='lat' dir='ltr'><strong>admisit,</strong></span> <span class='ocrx_word' id='word_1_201' title='bbox 508 695 573 713; x_wconf 80' lang='lat' dir='ltr'><strong>ponens</strong></span> <span class='ocrx_word' id='word_1_202' title='bbox 582 692 633 708; x_wconf 78' lang='lat' dir='ltr'><strong>totam</strong></span> <span class='ocrx_word' id='word_1_203' title='bbox 642 691 686 708; x_wconf 76' lang='lat' dir='ltr'><strong>eivi-</strong></span> 
     </span>
     <span class='ocr_line' id='line_1_27' title="bbox 120 715 688 739; baseline 0 -7"><span class='ocrx_word' id='word_1_204' title='bbox 120 718 170 733; x_wconf 77' lang='lat' dir='ltr'><strong>tatem</strong></span> <span class='ocrx_word' id='word_1_205' title='bbox 177 716 208 733; x_wconf 83' lang='lat' dir='ltr'><strong>sub</strong></span> <span class='ocrx_word' id='word_1_206' title='bbox 217 715 313 739; x_wconf 51' lang='lat' dir='ltr'><strong>interdicam</strong></span> <span class='ocrx_word' id='word_1_207' title='bbox 322 717 382 737; x_wconf 81' lang='lat' dir='ltr'><strong>postea</strong></span> <span class='ocrx_word' id='word_1_208' title='bbox 392 716 438 732; x_wconf 90' lang='lat' dir='ltr'><strong>cives</strong></span> <span class='ocrx_word' id='word_1_209' title='bbox 449 716 537 733; x_wconf 82' lang='lat' dir='ltr'><strong>universos</strong></span> <span class='ocrx_word' id='word_1_210' title='bbox 544 716 652 733; x_wconf 83' lang='lat' dir='ltr'><strong>denuntiavit.</strong></span> <span class='ocrx_word' id='word_1_211' title='bbox 665 716 688 732; x_wconf 86' lang='lat' dir='ltr'><strong>Et.</strong></span> 
     </span>
     <span class='ocr_line' id='line_1_28' title="bbox 121 740 687 762; baseline 0 -5"><span class='ocrx_word' id='word_1_212' title='bbox 121 745 158 758; x_wconf 79' lang='lat' dir='ltr'><strong>eum</strong></span> <span class='ocrx_word' id='word_1_213' title='bbox 170 740 202 757; x_wconf 87' lang='lat' dir='ltr'><strong>hiis</strong></span> <span class='ocrx_word' id='word_1_214' title='bbox 214 745 233 757; x_wconf 88' lang='lat' dir='ltr'><strong>se</strong></span> <span class='ocrx_word' id='word_1_215' title='bbox 244 740 293 757; x_wconf 78' lang='lat' dir='ltr'><strong>nichil</strong></span> <span class='ocrx_word' id='word_1_216' title='bbox 302 740 382 762; x_wconf 80' lang='lat' dir='ltr'><strong>proficere</strong></span> <span class='ocrx_word' id='word_1_217' title='bbox 393 742 410 757; x_wconf 92' lang='lat' dir='ltr'><strong>ut</strong></span> <span class='ocrx_word' id='word_1_218' title='bbox 419 740 468 762; x_wconf 81' lang='lat' dir='ltr'><strong>vidit,</strong></span> <span class='ocrx_word' id='word_1_219' title='bbox 477 740 538 757; x_wconf 92' lang='lat' dir='ltr'><strong>clerum</strong></span> <span class='ocrx_word' id='word_1_220' title='bbox 547 742 599 757; x_wconf 83' lang='lat' dir='ltr'><strong>totum</strong></span> <span class='ocrx_word' id='word_1_221' title='bbox 607 741 651 757; x_wconf 81' lang='lat' dir='ltr'><strong>exire</strong></span> <span class='ocrx_word' id='word_1_222' title='bbox 661 741 687 757; x_wconf 88' lang='lat' dir='ltr'><strong>ci-</strong></span> 
     </span>
     <span class='ocr_line' id='line_1_29' title="bbox 120 765 687 787; baseline 0 -5"><span class='ocrx_word' id='word_1_223' title='bbox 120 766 187 782; x_wconf 79' lang='lat' dir='ltr'><strong>vitatem</strong></span> <span class='ocrx_word' id='word_1_224' title='bbox 199 765 255 787; x_wconf 85' lang='lat' dir='ltr'><strong>iussit,</strong></span> <span class='ocrx_word' id='word_1_225' title='bbox 267 765 312 782; x_wconf 86' lang='lat' dir='ltr'><strong>nullo</strong></span> <span class='ocrx_word' id='word_1_226' title='bbox 325 765 347 782; x_wconf 83' lang='lat' dir='ltr'><strong>ibi</strong></span> <span class='ocrx_word' id='word_1_227' title='bbox 358 767 465 787; x_wconf 78' lang='lat' dir='ltr'><strong>permanente</strong></span> <span class='ocrx_word' id='word_1_228' title='bbox 478 766 510 782; x_wconf 88' lang='lat' dir='ltr'><strong>nisi</strong></span> <span class='ocrx_word' id='word_1_229' title='bbox 523 765 645 787; x_wconf 74' lang='lat' dir='ltr'><strong>parrochianis,</strong></span> <span class='ocrx_word' id='word_1_230' title='bbox 657 765 687 787; x_wconf 81' lang='lat' dir='ltr'><strong>qni</strong></span> 
     </span>
     <span class='ocr_line' id='line_1_30' title="bbox 121 789 687 812; baseline 0.002 -6"><span class='ocrx_word' id='word_1_231' title='bbox 121 790 141 807; x_wconf 82' lang='lat' dir='ltr'><strong>ah</strong></span> <span class='ocrx_word' id='word_1_232' title='bbox 153 789 220 807; x_wconf 84' lang='lat' dir='ltr'><strong>infirmis</strong></span> <span class='ocrx_word' id='word_1_233' title='bbox 231 790 327 807; x_wconf 86' lang='lat' dir='ltr'><strong>caucionem</strong></span> <span class='ocrx_word' id='word_1_234' title='bbox 338 791 447 811; x_wconf 69' lang='lat' dir='ltr'><strong>acceperunt,</strong></span> <span class='ocrx_word' id='word_1_235' title='bbox 458 792 476 806; x_wconf 92' lang='lat' dir='ltr'><strong>ut</strong></span> <span class='ocrx_word' id='word_1_236' title='bbox 488 789 552 807; x_wconf 80' lang='lat' dir='ltr'><strong>reddita</strong></span> <span class='ocrx_word' id='word_1_237' title='bbox 562 790 603 812; x_wconf 87' lang='lat' dir='ltr'><strong>ipsis</strong></span> <span class='ocrx_word' id='word_1_238' title='bbox 613 790 687 807; x_wconf 73' lang='lat' dir='ltr'><strong>sanitate</strong></span> 
     </span>
     <span class='ocr_line' id='line_1_31' title="bbox 121 814 687 837; baseline 0 -6"><span class='ocrx_word' id='word_1_239' title='bbox 121 815 188 832; x_wconf 81' lang='lat' dir='ltr'><strong>domino</strong></span> <span class='ocrx_word' id='word_1_240' title='bbox 196 815 277 836; x_wconf 81' lang='lat' dir='ltr'><strong>episcopo</strong></span> <span class='ocrx_word' id='word_1_241' title='bbox 286 814 374 831; x_wconf 81' lang='lat' dir='ltr'><strong>obedirent</strong></span> <span class='ocrx_word' id='word_1_242' title='bbox 382 819 411 836; x_wconf 87' lang='lat' dir='ltr'><strong>per</strong></span> <span class='ocrx_word' id='word_1_243' title='bbox 421 815 480 831; x_wconf 69' lang='lat' dir='ltr'><strong>omnia⁴</strong></span> <span class='ocrx_word' id='word_1_244' title='bbox 494 814 514 831; x_wconf 83' lang='lat' dir='ltr'><strong>Et</strong></span> <span class='ocrx_word' id='word_1_245' title='bbox 522 817 560 831; x_wconf 87' lang='lat' dir='ltr'><strong>tunc</strong></span> <span class='ocrx_word' id='word_1_246' title='bbox 568 815 621 837; x_wconf 89' lang='lat' dir='ltr'><strong>ipsos,</strong></span> <span class='ocrx_word' id='word_1_247' title='bbox 628 816 645 832; x_wconf 82' lang='lat' dir='ltr'><strong>et</strong></span> <span class='ocrx_word' id='word_1_248' title='bbox 652 819 687 831; x_wconf 83' lang='lat' dir='ltr'><strong>noa</strong></span> 
     </span>
     <span class='ocr_line' id='line_1_32' title="bbox 121 839 687 862; baseline -0.002 -5"><span class='ocrx_word' id='word_1_249' title='bbox 121 840 175 861; x_wconf 76' lang='lat' dir='ltr'><strong>aliter,</strong></span> <span class='ocrx_word' id='word_1_250' title='bbox 185 839 357 861; x_wconf 81' lang='lat' dir='ltr'><strong>communicaverunt,</strong></span> <span class='ocrx_word' id='word_1_251' title='bbox 370 840 442 856; x_wconf 76' lang='lat' dir='ltr'><strong>attamen</strong></span> <span class='ocrx_word' id='word_1_252' title='bbox 454 841 527 856; x_wconf 83' lang='lat' dir='ltr'><strong>mortuos</strong></span> <span class='ocrx_word' id='word_1_253' title='bbox 535 844 568 856; x_wconf 83' lang='lat' dir='ltr'><strong>non</strong></span> <span class='ocrx_word' id='word_1_254' title='bbox 579 840 687 862; x_wconf 83' lang='lat' dir='ltr'><strong>sepelierant.</strong></span> 
     </span>
    </p>

    <p class='ocr_par' dir='ltr' id='par_1_4' title="bbox 121 863 689 1034">
     <span class='ocr_line' id='line_1_33' title="bbox 157 863 688 886; baseline 0.002 -6"><span class='ocrx_word' id='word_1_255' title='bbox 157 864 178 881; x_wconf 89' lang='lat' dir='ltr'><strong>Et</strong></span> <span class='ocrx_word' id='word_1_256' title='bbox 187 869 223 881; x_wconf 78' lang='lat' dir='ltr'><strong>curn</strong></span> <span class='ocrx_word' id='word_1_257' title='bbox 233 864 264 881; x_wconf 85' lang='lat' dir='ltr'><strong>hec</strong></span> <span class='ocrx_word' id='word_1_258' title='bbox 272 864 354 881; x_wconf 87' lang='lat' dir='ltr'><strong>sententia</strong></span> <span class='ocrx_word' id='word_1_259' title='bbox 364 863 385 881; x_wconf 76' lang='lat' dir='ltr'><strong>de</strong></span> <span class='ocrx_word' id='word_1_260' title='bbox 394 863 420 880; x_wconf 85' lang='lat' dir='ltr'><strong>die</strong></span> <span class='ocrx_word' id='word_1_261' title='bbox 432 864 448 880; x_wconf 81' lang='lat' dir='ltr'><strong>in</strong></span> <span class='ocrx_word' id='word_1_262' title='bbox 458 864 500 881; x_wconf 80' lang='lat' dir='ltr'><strong>diem</strong></span> <span class='ocrx_word' id='word_1_263' title='bbox 509 866 602 885; x_wconf 75' lang='lat' dir='ltr'><strong>aggravata</strong></span> <span class='ocrx_word' id='word_1_264' title='bbox 612 864 646 881; x_wconf 78' lang='lat' dir='ltr'><strong>sere</strong></span> <span class='ocrx_word' id='word_1_265' title='bbox 656 869 688 886; x_wconf 90' lang='lat' dir='ltr'><strong>per</strong></span> 
     </span>
     <span class='ocr_line' id='line_1_34' title="bbox 121 888 686 911; baseline 0.002 -6"><span class='ocrx_word' id='word_1_266' title='bbox 121 894 182 906; x_wconf 84' lang='lat' dir='ltr'><strong>annum</strong></span> <span class='ocrx_word' id='word_1_267' title='bbox 194 888 279 911; x_wconf 79' lang='lat' dir='ltr'><strong>durasset,</strong></span> <span class='ocrx_word' id='word_1_268' title='bbox 291 888 357 910; x_wconf 78' lang='lat' dir='ltr'><strong>quidam</strong></span> <span class='ocrx_word' id='word_1_269' title='bbox 370 888 391 905; x_wconf 84' lang='lat' dir='ltr'><strong>de</strong></span> <span class='ocrx_word' id='word_1_270' title='bbox 401 888 473 911; x_wconf 80' lang='lat' dir='ltr'><strong>civibus,</strong></span> <span class='ocrx_word' id='word_1_271' title='bbox 485 891 501 906; x_wconf 87' lang='lat' dir='ltr'><strong>et</strong></span> <span class='ocrx_word' id='word_1_272' title='bbox 512 889 582 906; x_wconf 80' lang='lat' dir='ltr'><strong>maxime</strong></span> <span class='ocrx_word' id='word_1_273' title='bbox 594 889 686 911; x_wconf 77' lang='lat' dir='ltr'><strong>monetarii,</strong></span> 
     </span>
     <span class='ocr_line' id='line_1_35' title="bbox 122 913 687 931; baseline 0 -1"><span class='ocrx_word' id='word_1_274' title='bbox 122 919 141 931; x_wconf 83' lang='lat' dir='ltr'><strong>se</strong></span> <span class='ocrx_word' id='word_1_275' title='bbox 150 914 182 931; x_wconf 75' lang='lat' dir='ltr'><strong>ista</strong></span> <span class='ocrx_word' id='word_1_276' title='bbox 194 913 263 931; x_wconf 81' lang='lat' dir='ltr'><strong>ulterius</strong></span> <span class='ocrx_word' id='word_1_277' title='bbox 274 913 318 930; x_wconf 84' lang='lat' dir='ltr'><strong>nolle</strong></span> <span class='ocrx_word' id='word_1_278' title='bbox 329 914 411 930; x_wconf 88' lang='lat' dir='ltr'><strong>sustinere</strong></span> <span class='ocrx_word' id='word_1_279' title='bbox 422 913 529 930; x_wconf 82' lang='lat' dir='ltr'><strong>affirmabant.</strong></span> <span class='ocrx_word' id='word_1_280' title='bbox 542 913 634 931; x_wconf 84' lang='lat' dir='ltr'><strong>Audientes</strong></span> <span class='ocrx_word' id='word_1_281' title='bbox 641 918 687 931; x_wconf 85' lang='lat' dir='ltr'><strong>con-</strong></span> 
     </span>
     <span class='ocr_line' id='line_1_36' title="bbox 122 938 687 961; baseline 0 -6"><span class='ocrx_word' id='word_1_282' title='bbox 122 939 168 956; x_wconf 84' lang='lat' dir='ltr'><strong>sules</strong></span> <span class='ocrx_word' id='word_1_283' title='bbox 178 940 195 955; x_wconf 89' lang='lat' dir='ltr'><strong>et</strong></span> <span class='ocrx_word' id='word_1_284' title='bbox 203 938 314 960; x_wconf 79' lang='lat' dir='ltr'><strong>universitas,</strong></span> <span class='ocrx_word' id='word_1_285' title='bbox 325 938 403 955; x_wconf 82' lang='lat' dir='ltr'><strong>timentes</strong></span> <span class='ocrx_word' id='word_1_286' title='bbox 411 938 468 960; x_wconf 78' lang='lat' dir='ltr'><strong>peiora</strong></span> <span class='ocrx_word' id='word_1_287' title='bbox 477 938 508 955; x_wconf 81' lang='lat' dir='ltr'><strong>sihi</strong></span> <span class='ocrx_word' id='word_1_288' title='bbox 518 939 636 961; x_wconf 62' lang='lat' dir='ltr'><strong>supervenire,</strong></span> <span class='ocrx_word' id='word_1_289' title='bbox 647 939 687 960; x_wconf 75' lang='lat' dir='ltr'><strong>qnia</strong></span> 
     </span>
     <span class='ocr_line' id='line_1_37' title="bbox 122 962 688 985; baseline 0 -5"><span class='ocrx_word' id='word_1_290' title='bbox 122 963 199 981; x_wconf 84' lang='lat' dir='ltr'><strong>dominus</strong></span> <span class='ocrx_word' id='word_1_291' title='bbox 207 964 296 985; x_wconf 81' lang='lat' dir='ltr'><strong>episeopus</strong></span> <span class='ocrx_word' id='word_1_292' title='bbox 305 962 391 980; x_wconf 86' lang='lat' dir='ltr'><strong>induratus</strong></span> <span class='ocrx_word' id='word_1_293' title='bbox 400 965 439 985; x_wconf 84' lang='lat' dir='ltr'><strong>erat,</strong></span> <span class='ocrx_word' id='word_1_294' title='bbox 448 967 554 985; x_wconf 71' lang='lat' dir='ltr'><strong>coitquerens</strong></span> <span class='ocrx_word' id='word_1_295' title='bbox 564 964 616 980; x_wconf 83' lang='lat' dir='ltr'><strong>eciam</strong></span> <span class='ocrx_word' id='word_1_296' title='bbox 629 964 688 980; x_wconf 81' lang='lat' dir='ltr'><strong>amicis</strong></span> 
     </span>
     <span class='ocr_line' id='line_1_38' title="bbox 122 987 689 1010; baseline 0.002 -6"><span class='ocrx_word' id='word_1_297' title='bbox 122 988 157 1005; x_wconf 79' lang='lat' dir='ltr'><strong>suis</strong></span> <span class='ocrx_word' id='word_1_298' title='bbox 166 990 183 1005; x_wconf 89' lang='lat' dir='ltr'><strong>et</strong></span> <span class='ocrx_word' id='word_1_299' title='bbox 190 988 329 1009; x_wconf 77' lang='lat' dir='ltr'><strong>consanguineis,</strong></span> <span class='ocrx_word' id='word_1_300' title='bbox 344 988 429 1004; x_wconf 83' lang='lat' dir='ltr'><strong>eratenim</strong></span> <span class='ocrx_word' id='word_1_301' title='bbox 439 987 487 1005; x_wconf 83' lang='lat' dir='ltr'><strong>valde</strong></span> <span class='ocrx_word' id='word_1_302' title='bbox 497 988 566 1010; x_wconf 66' lang='lat' dir='ltr'><strong>nobilis,</strong></span> <span class='ocrx_word' id='word_1_303' title='bbox 578 988 629 1005; x_wconf 74' lang='lat' dir='ltr'><strong>frater</strong></span> <span class='ocrx_word' id='word_1_304' title='bbox 637 988 689 1006; x_wconf 84' lang='lat' dir='ltr'><strong>vide-</strong></span> 
     </span>
     <span class='ocr_line' id='line_1_39' title="bbox 122 1012 689 1034; baseline 0.002 -5"><span class='ocrx_word' id='word_1_305' title='bbox 122 1013 161 1030; x_wconf 78' lang='lat' dir='ltr'><strong>lieet</strong></span> <span class='ocrx_word' id='word_1_306' title='bbox 169 1012 233 1029; x_wconf 85' lang='lat' dir='ltr'><strong>comitis</strong></span> <span class='ocrx_word' id='word_1_307' title='bbox 244 1012 265 1029; x_wconf 83' lang='lat' dir='ltr'><strong>de</strong></span> <span class='ocrx_word' id='word_1_308' title='bbox 273 1012 366 1034; x_wconf 81' lang='lat' dir='ltr'><strong>Liningen,</strong></span> <span class='ocrx_word' id='word_1_309' title='bbox 377 1014 491 1029; x_wconf 79' lang='lat' dir='ltr'><strong>convenerunt</strong></span> <span class='ocrx_word' id='word_1_310' title='bbox 501 1013 517 1029; x_wconf 89' lang='lat' dir='ltr'><strong>in</strong></span> <span class='ocrx_word' id='word_1_311' title='bbox 529 1017 588 1034; x_wconf 81' lang='lat' dir='ltr'><strong>unum,</strong></span> <span class='ocrx_word' id='word_1_312' title='bbox 603 1013 689 1030; x_wconf 83' lang='lat' dir='ltr'><strong>mittentes</strong></span> 
     </span>
    </p>
   </div>
   <div class='ocr_carea' id='block_1_3' title="bbox 123 1036 690 1080">
    <p class='ocr_par' dir='ltr' id='par_1_5' title="bbox 123 1036 690 1080">
     <span class='ocr_line' id='line_1_40' title="bbox 123 1036 690 1059; baseline 0.002 -5"><span class='ocrx_word' id='word_1_313' title='bbox 123 1038 190 1054; x_wconf 79' lang='lat' dir='ltr'><strong>nuntios</strong></span> <span class='ocrx_word' id='word_1_314' title='bbox 203 1036 224 1054; x_wconf 80' lang='lat' dir='ltr'><strong>ad</strong></span> <span class='ocrx_word' id='word_1_315' title='bbox 235 1036 318 1054; x_wconf 78' lang='lat' dir='ltr'><strong>dominum</strong></span> <span class='ocrx_word' id='word_1_316' title='bbox 331 1037 434 1059; x_wconf 84' lang='lat' dir='ltr'><strong>episcopum.</strong></span> <span class='ocrx_word' id='word_1_317' title='bbox 455 1037 472 1056; x_wconf 76' lang='lat' dir='ltr'><strong>Ei</strong></span> <span class='ocrx_word' id='word_1_318' title='bbox 483 1039 522 1059; x_wconf 85' lang='lat' dir='ltr'><strong>post</strong></span> <span class='ocrx_word' id='word_1_319' title='bbox 535 1037 594 1054; x_wconf 83' lang='lat' dir='ltr'><strong>multos</strong></span> <span class='ocrx_word' id='word_1_320' title='bbox 607 1039 690 1055; x_wconf 80' lang='lat' dir='ltr'><strong>tractatus</strong></span> 
     </span>
     <span class='ocr_line' id='line_1_41' title="bbox 141 1063 314 1080; baseline -0.012 -2"><span class='ocrx_word' id='word_1_321' title='bbox 141 1065 155 1080; x_wconf 70' lang='lat' dir='ltr'><strong>t]</strong></span> <span class='ocrx_word' id='word_1_322' title='bbox 164 1067 178 1078; x_wconf 71' lang='lat' dir='ltr'><strong>et</strong></span> <span class='ocrx_word' id='word_1_323' title='bbox 187 1063 221 1077; x_wconf 65' lang='lat' dir='ltr'><strong>nme</strong></span> <span class='ocrx_word' id='word_1_324' title='bbox 230 1064 243 1077; x_wconf 81' lang='lat' dir='ltr'><strong>in</strong></span> <span class='ocrx_word' id='word_1_325' title='bbox 253 1063 278 1077; x_wconf 75' lang='lat' dir='ltr'><strong>den</strong></span> <span class='ocrx_word' id='word_1_326' title='bbox 288 1063 314 1077; x_wconf 66' lang='lat' dir='ltr'><strong>ass.</strong></span> 
     </span>
    </p>
   </div>
  </div>
 </body>
</html>
