738 1221
122 57 157 74 148
327 64 390 76 mmm
400 64 481 76 ιιιιῑιωιιε.

122 99 173 121 fitius,
188 100 235 121 patre
246 99 313 116 vivente
325 101 414 116 coronatus
427 103 437 116 a
450 98 525 116 Romano
538 99 628 121 pontifice,
643 104 690 116 anno

122 123 184 146 imperii
192 124 219 140 sui
228 128 273 141 nono
282 123 333 141 Rome
345 124 421 146 moritur,
432 125 449 141 et
459 124 476 140 in
487 123 559 141 ecclesia
567 123 612 141 beati
620 124 663 141 Petri
672 124 690 141 iu

122 152 175 165 conca
182 153 271 165 marmorea
281 149 360 165 humatur⁴
368 148 405 165 ,Ηίο
412 150 478 170 propter
486 148 588 165 ferocitatem
596 153 643 165 snam
651 148 690 166 dio-

122 175 149 190 tus
160 174 187 190 est
194 173 256 195 pallida
265 177 309 190 mors
317 173 450 190 Sarracenorum

159 197 199 214 Otto
206 198 267 215 tercius
275 202 319 215 anno
329 198 391 215 domini
402 197 417 215 d
418 202 463 215 oceo
464 197 508 214 lxxx
509 198 536 214 iiii
547 202 589 219 puer
599 198 641 220 patrl
649 202 691 215 suc-

122 223 174 239 cessit
185 223 201 239 in
210 223 284 244 imperio.
298 222 328 240 Hic
336 223 399 245 imperii
410 223 435 239 sui
445 227 490 239 anno
498 222 635 245 decimoseptimo
642 222 690 245 obiit,

122 249 139 264 et
149 247 165 264 iu
175 247 248 264 ecclesia
257 249 314 264 sancte
326 247 379 264 Mai-ie
392 247 493 269 Aquisgram'
504 247 592 277 sepelitur,
607 249 624 264 et
634 247 690 264 dictus

122 273 149 289 est
158 271 238 289 mirabilia
246 272 306 289 mnndi.

159 296 209 314 Anno
217 296 279 314 domini
289 297 325 319 m.i.,
333 296 395 314 Ottone
402 297 439 314 sine
449 296 510 314 herede
519 298 591 319 mortuo
600 296 691 314 Heinricus

122 321 194 338 nacione
201 321 271 339 Noricus
279 322 349 344 eiusque
359 322 414 343 gentis
422 321 465 344 dux,
474 321 495 338 ab
504 321 582 338 omnihus
590 321 691 343 primoribus

123 346 196 368 electus,
205 350 241 363 cum
249 347 296 363 esset
305 351 334 363 rex
343 346 490 363 christianissimus
498 347 613 368 episcopatum
620 346 691 363 Baben-

123 370 164 392 berg
171 370 250 388 fundavit.
264 370 295 391 Qui
303 371 392 393 imperator
403 371 487 393 piissimus
498 372 536 393 posi
548 371 608 388 multas
618 371 691 388 virtutes

123 396 171 417 regni
181 396 208 412 sui
217 400 261 413 anno
269 396 414 418 vieesimoquarto,
422 396 485 418 imperii
495 400 534 413 vero
542 395 636 418 undecimo,
643 400 691 413 rnor-

123 422 161 437 tuus
177 421 194 437 in
210 420 282 438 ecclesia
296 420 397 442 Babenberg
410 420 493 443 humatur,
506 422 523 437 et
535 420 641 443 sepulchrum
653 421 692 437 eius

123 445 185 462 crebris
194 445 278 462 miraculis
288 445 354 462 celebre
364 445 438 462 habetur.

160 469 210 487 Anno
223 469 284 487 domini
297 475 371 492 πηοενἿ
386 469 465 487 defuncto
481 469 558 487 Heinrioo
571 470 608 486 sine
621 469 692 492 herede,

124 494 211 511 Cunradus
219 495 290 512 nacione
297 494 371 511 Francus
379 499 448 516 regnum
455 495 531 516 sortitnr;
539 499 607 512 uxorem
616 494 692 511 Giselam

124 519 200 541 nomine,
210 519 231 536 de
240 519 309 541 antiquo
320 520 337 536 et
344 519 419 541 glorioso
429 519 526 536 Karolorum
538 519 620 541 sauguine
633 519 691 541 origi-

123 548 162 561 nem
169 543 242 566 ducenS,
250 543 312 561 habuit.
325 543 356 561 Hic
363 545 406 561 inter
413 543 492 561 Ottonem
499 544 592 566 Angtorum
601 545 618 561 et
625 543 692 561 Rudol-

124 568 157 585 ium
168 568 263 590 Burgundie
274 573 324 590 reges
333 568 438 591 procedens,
449 568 540 586 honorilice
550 573 560 585 a
568 573 631 586 summo
642 573 692 591 pon-

124 592 168 610 tilice
180 593 257 611 Johanue
268 595 365 616 coronatus,
376 593 397 610 ab
409 594 453 611 omni
461 594 523 616 populo
532 593 606 611 Romano
615 594 692 615 impera-

124 618 164 635 toris
174 620 191 635 et
198 618 265 640 augusti
273 623 334 635 nomen
342 619 411 640 accepit*
419 618 449 635 Hic
459 618 525 635 tandem
533 620 608 635 sanctum
615 618 691 640 penthe-

124 644 183 660 costen
196 643 212 660 in
222 643 296 660 interiori
308 643 385 660 Traiecto
397 643 485 660 celebrans
499 643 599 665 infirmatus,
612 642 692 660 decimo-

125 668 196 690 septimo
204 668 251 689 regni
262 668 288 685 sui
297 672 346 690 anno,
355 668 418 690 imperii
427 672 467 685 vero
475 668 599 690 decimotercio,
608 667 652 685 diem
662 668 692 685 ul-

125 692 179 709 timum
191 693 259 715 elausit,
274 693 377 715 sepultisque
390 692 473 709 intestinis
487 693 521 709 suis
534 693 614 714 reliquum
628 697 693 715 corpus

125 721 172 734 suum
182 717 198 734 in
207 717 295 734 ecclesiam
303 717 399 739 Spirensem
406 717 494 734 deductum
504 717 585 734 humatur.

161 741 211 759 Anno
220 741 282 759 domini
293 742 336 759 mxl.
344 741 431 759 Heinrious
440 742 510 764 tercius,
521 741 565 759 dicte
575 742 630 759 Gisele
641 742 693 764 lilius7

125 766 153 788 qui
162 767 209 788 patre
217 767 283 784 vivente
292 771 363 788 regnare
372 768 449 789 ceperat,
459 767 497 788 ipso
505 769 569 784 mortuo
579 767 659 788 regnavit.
672 767 692 784 In

124 791 197 813 ipsoque
208 791 281 813 dignitas
294 791 393 813 imperialis,
405 796 437 813 que
450 796 479 813 per
489 791 557 813 longum
565 792 597 808 iam
606 793 671 813 tempus
681 797 693 809 a

125 816 188 833 semine
199 815 254 833 Karoli
264 816 369 838 exulaverat,
383 816 404 833 ad
413 820 514 838 generosum
526 817 543 833 et
554 816 639 838 antiquum
649 821 692 837 ger-

124 845 162 857 men
174 840 241 858 reducta
253 842 284 858 est⁴
302 840 332 858 Hic
342 845 372 863 per
385 841 441 858 omnia
453 842 515 863 patrem
527 841 544 857 iu
556 840 644 857 virtutibus
655 845 693 858 non

125 865 178 882 solum
189 869 262 887 equasse
274 865 304 882 sed
319 865 445 883 transcendisse
459 865 558 888 perhibetur.
575 865 605 882 Hic
615 865 693 883 decimo-

125 890 196 912 septimo
208 890 256 912 regni
270 890 296 907 sui
309 895 361 913 anno,
372 891 436 912 imperii
446 890 553 912 duodecimo,
564 890 612 913 obiit,
621 891 638 907 et
646 890 693 912 apud

125 917 188 936 patrem
196 915 272 937 sepultus
279 917 310 932 est.

162 939 212 957 Anno
217 939 279 957 domiui
286 940 343 957 mlvii.
352 939 439 956 Heinrlcns
447 941 515 962 quartus
520 939 641 957 Heinricifilius
649 945 693 962 puer

125 964 167 986 patri
181 965 264 981 successit
276 964 307 982 sub
319 964 396 981 custodia
407 963 478 986 Agnetis
489 965 545 981 matris
558 969 593 981 sue.
610 964 641 985 Qui
652 967 693 986 post

125 989 175 1006 multa
182 989 256 1011 gloriosa
267 994 299 1011 que
307 989 390 1006 commisit
397 993 442 1006 anno
451 989 513 1006 domini
522 989 579 1006 mciii.
589 989 692 1006 nativitatem

125 1013 187 1031 domini
195 1014 285 1036 Moguncie
294 1014 393 1036 celebravit,
401 1014 458 1036 ibique
465 1014 485 1031 H⁴
494 1014 527 1031 filio
537 1018 568 1031 suo
576 1018 616 1035 rege
626 1016 665 1036 post
673 1019 692 1031 se

125 1038 223 1061 designato,
232 1039 340 1056 rebellionem
347 1039 368 1055 ab
377 1043 398 1055 eo
407 1039 470 1060 sensit,
481 1040 547 1061 propter
556 1039 692 1056 excommnnica-

125 1064 180 1080 tiunes
190 1063 299 1081 Romanorum
313 1063 408 1085 pontificum
421 1063 453 1080 sub
469 1064 526 1085 speeie
539 1064 625 1085 religionis
638 1068 692 1085 regno

387 1139 392 1150 t
