738 1221
234 63 298 75 annnam
309 63 432 75 anetarum-⁸818.
574 56 608 73 103

44 98 157 114 monasterium
170 97 235 114 Lorohe
250 97 354 120 deportatur,
371 99 388 115 et
399 97 422 114 ibi
434 98 508 119 gloriose
522 98 606 120 sepelitur.
617 100 651 114 ¹2⁰0

45 122 121 139 Paulatim
133 126 173 139 vero
186 122 238 143 longa
248 123 349 139 concertatio
362 122 383 140 de
393 123 440 144 regni
449 122 532 140 electione
541 122 609 144 quievit.

76 146 128 164 Anno
140 147 203 164 domiui
214 147 283 164 m-eorix.
296 146 335 164 Otto
348 152 378 164 rex
393 152 422 169 pro
435 147 516 169 imperiali
529 147 609 164 henedic-

44 172 85 188 tione
94 173 170 194 temporo
180 172 259 189 messium
267 171 336 189 Romam
348 172 463 194 proficiscitur.
485 171 516 192 Qui
530 172 579 189 etiam
588 172 610 189 ab

44 196 140 214 innocentio
156 201 201 219 papa
217 196 234 214 in
250 197 365 219 imperatorem
382 198 498 218 consecratur,
518 197 610 214 iuramento

44 221 85 243 prius
98 221 179 243 prestito,
193 221 239 243 quod
251 223 310 239 terrain
323 223 340 239 et
349 221 394 239 huna
406 222 460 239 saneti
472 221 525 243 Petri,
537 226 571 243 que
584 222 610 238 sui

43 247 160 269 antecessores
169 250 222 268 usque
232 246 254 263 ad
262 246 279 263 id
288 246 367 268 temporis
376 248 434 263 eontra
443 246 522 263 iustitiam
535 247 610 263 tenuisse

44 270 149 292 videbantur,
158 270 232 288 Romane
242 271 315 288 ecclesie
324 271 376 288 libera
385 271 478 288 dimitteret

76 295 128 312 Anno
138 295 200 312 domini
209 300 272 313 mom.
284 296 374 318 imperator
386 300 420 313 nun
433 300 476 313 sano
488 300 530 313 usus
539 296 610 313 consilio

45 320 85 342 rupit
98 320 149 337 sedus
160 320 248 338 iuramenti
261 320 306 342 quod
319 320 381 338 fecerat
394 325 431 337 euni
444 325 487 342 papa
499 322 516 337 et
525 320 610 343 Romanis

44 345 142 367 occupando
148 347 166 362 et
172 345 278 362 vendieando
283 345 315 362 sibi
320 345 365 362 bona
369 345 422 362 saneti
429 345 472 362 Petri
476 347 534 362 contra
539 347 609 367 pactum.

44 369 89 387 Unde
98 374 108 386 a
117 374 162 392 papa
172 370 229 392 sepius
239 369 333 387 admonitus
342 371 360 387 et
369 372 463 392 correptas,
475 369 557 387 desistere
566 374 610 387 eou-

45 395 119 417 ieinpsit‚
133 396 150 412 et
163 394 185 412 ob
197 393 230 412 hoc
242 395 315 412 meritam
325 395 501 412 excommunicationis
507 395 609 412 vsententiam

43 419 113 436 incurrit.

77 444 142 461 Eodem
156 448 201 461 anno
210 443 250 461 Otto
259 445 348 466 imperator
362 444 447 466 proiectus
459 444 480 461 ab
489 444 537 461 Italia
546 444 610 461 transiit

45 468 60 485 in
67 468 146 491 Apuliam
152 481 157 490 ‚
166 471 184 485 ut
192 470 245 486 terras
254 469 299 491 illas,
309 473 351 491 quas
361 469 461 486 hereditario
469 469 505 486 iure
512 468 610 491 possidebat

46 493 146 516 Fridericus,
160 493 203 510 filius
215 492 282 511 Henriei
291 494 374 516 quondam
384 494 496 516 imperatoris,
510 493 541 510 sibi
550 493 610 511 subiu-

46 520 99 541 garet,
113 519 202 540 ipsumque
213 518 312 536 Friderioum
322 519 400 541 persequi
409 520 426 535 et
434 519 544 535 exterminare
553 519 610 535 inteu-

46 542 98 566 debat,
107 547 161 565 pravo
169 548 211 560 usus
220 543 297 565 consilio,
307 544 346 565 quia
355 543 369 560 si
377 544 430 560 statim
439 545 477 565 post
485 544 609 560 coronationem

46 568 152 589 repatriasset
161 568 216 585 omnia
224 568 241 585 in
251 572 348 590 prosperum
357 568 389 585 sibi
399 568 496 585 cessissent

79 592 129 610 Anno
139 592 202 613 domini
210 593 277 609 m.eo.xi.
286 592 375 610 mandante
384 597 428 615 papa
437 597 466 615 per
475 592 609 610 totumAleman-

46 617 84 634 niam
99 617 201 639 promulgari
214 618 259 640 cepit
271 618 353 635 sententia
366 618 541 635 excommunicationis
551 617 584 634 lata
592 618 609 635 iu

45 641 124 659 Ottonern.
142 642 190 659 Omni
203 644 257 659 autern
270 644 344 664 ternpore
356 641 422 659 Ottonis
434 647 464 664 per
477 644 528 659 totum
540 646 609 663 regnum

46 665 140 684 Alemauuie
150 671 214 684 summa
223 672 257 689 pax
265 668 281 684 et
290 668 372 684 securitas
382 667 419 689 fuit,
429 667 452 684 ita
460 668 478 683 ut
489 671 548 684 omnes
557 667 609 684 mira-

46 693 99 708 rentur
110 691 157 713 quod
169 692 218 709 etiam
230 692 247 709 in
262 692 338 709 absentia
351 693 398 714 eius,
410 691 449 709 dum
461 693 513 710 esset,
518 692 534 708 in
547 691 609 714 Sicilia,

46 717 86 733 lanta
93 721 127 738 pax
135 721 175 733 esse
183 717 236 738 potnit
244 717 261 733 in
269 718 317 734 terra.

78 740 128 758 Anno
141 741 204 758 domini
216 741 289 759 mcexii.
301 741 340 758 Otto
352 741 440 763 imperator
449 741 470 758 ab
479 740 540 763 Apulia
549 743 566 758 et
574 741 609 758 lta—

46 765 65 782 lia
76 770 155 783 reversus
168 767 194 783 est
206 766 227 783 ad
240 767 295 788 partes
309 766 400 788 Teutonis,
415 766 539 787 celebravitque
548 766 609 783 curiam

46 790 85 812 apud
94 791 208 808 Frankenfurti
221 791 242 808 Et
250 791 294 808 eirca
302 795 366 808 inesses
376 790 470 808 coadunato
478 791 551 808 exercitu
560 791 610 808 movit

47 815 165 837 expeditionem
178 816 195 832 in
208 816 304 837 Turingiam
315 815 396 833 adversus
408 815 520 832 Hermannum
533 816 609 837 lantgra-

48 840 86 857 vium
99 840 132 857 sibi
143 840 265 857 adversantem.
282 840 313 857 Ubi
324 841 372 857 etiam
385 841 488 862 expugnavit
500 842 517 857 et
529 840 610 857 destruxit

47 864 83 881 duas
88 865 190 882 munitiones
198 865 239 882 satis
247 866 323 887 munitas,
333 865 397 882 seilicet
403 864 500 886 Rotenberg
507 867 524 881 et
531 865 609 882 Saltzun-

47 893 79 910 μη.
92 890 113 906 Et
123 889 162 907 iude
173 890 289 912 progrediens,
297 889 364 907 obsedit
375 889 453 912 oppidum
467 889 554 912 Wizeuse,
564 889 608 911 quod

46 914 114 932 similiter
126 915 229 936 expugnavit
239 919 293 936 usque
304 914 326 931 ad
333 919 395 931 arcem.
408 914 432 931 lbi
440 916 478 931 tune
488 914 557 936 primum
565 914 610 936 cepit

47 938 98 956 liaberi
106 944 148 956 usus
156 940 260 957 instrumenti
269 939 324 957 bellici
333 939 379 961 quod
387 939 439 960 vulgo
450 939 519 961 trybocli'
528 939 609 961 appellari

46 964 84 981 salet
92 977 95 980 .
105 977 109 980 Δ
119 977 122 980 .
133 977 136 981 .

77 988 141 1005 videns
152 989 203 1010 im‘tur
215 993 258 1011 papa
269 989 377 1011 pertinaciam
386 988 461 1010 Ottunis,
476 992 525 1010 quern
536 988 582 1010 prius
591 989 608 1005 in

46 1013 116 1031 omuibus
128 1013 194 1031 foverat
206 1015 223 1030 et
232 1014 250 1030 in
261 1013 311 1031 altum
323 1013 448 1035 sublimaverat,
462 1018 499 1030 cum
511 1018 566 1035 neque
578 1017 608 1035 pro

46 1037 145 1056 absolutione
154 1043 187 1056 nee
198 1043 228 1060 pro
240 1039 361 1061 compositione
372 1038 428 1060 aliqua
438 1038 529 1060 laboraret,
539 1038 582 1055 misit
591 1038 608 1054 in

46 1061 109 1080 Siciliam
113 1077 118 1086 ‚
136 1065 154 1081 et-
164 1063 222 1080 eduxit
237 1063 276 1080 inde
289 1063 389 1081 Friderieum
401 1067 451 1085 supra
465 1064 606 1085 prememoratum,
