738 1221
237 73 321 85 »monn
332 73 448 85 wemma<
473 77 476 79 Δ
587 66 622 84 235

53 108 138 126 dominum
147 108 260 126 Eberhardnm
270 108 413 125 Wormaelensem
422 108 520 130 episcopum
529 110 547 125 et
555 108 621 130 eapitu-

53 134 87 151 lum
95 134 149 156 ipsius
158 133 225 150 maioris
234 133 307 150 ecclesie
316 137 367 155 super
376 133 429 155 curia,
442 135 538 155 nuncupata
546 137 622 150 eommu-

53 158 97 175 uiter
109 158 155 175 curia
168 158 236 180 civium,
248 158 281 175 sita
289 158 306 175 in
314 158 352 175 vico
362 157 470 180 Hagenouis,
480 160 559 180 protensa
569 159 586 175 et
595 158 622 175 in-

53 183 119 205 oipiens
128 187 138 200 a
146 183 185 200 vloo
198 182 296 205 Hagenonls
307 182 392 205 predicto,
404 183 495 199 terminans
507 184 525 200 et
537 183 621 200 transiens

54 212 116 225 versus
128 207 217 225 ecelesiam
229 208 283 225 sancti
296 207 371 230 Nazarii,
384 208 433 230 prout
442 207 475 224 sita
484 208 536 224 estin
545 207 623 229 longitu—

55 232 95 250 dine
104 234 122 250 et
130 232 247 255 amplitudine,
261 236 282 250 ex
290 235 337 255 parte
349 237 391 254 una,
403 234 421 249 et
429 236 461 249 nos
470 233 487 249 ei
496 234 570 249 nostram
579 233 623 249 eivi-

55 259 106 274 tatem
119 262 140 274 ex
152 259 200 280 parte
213 257 275 280 ultera,
283 257 368 275 discordia
377 258 474 278 verteretur,
483 261 504 274 eo
514 257 560 279 quod
568 257 623 274 dictus

55 282 133 299 dominus
146 284 204 299 noster
218 282 309 305 episeopus
322 284 339 299 et
346 282 401 304 ipsius
413 282 503 304 capitulum
518 282 550 299 sibi
558 282 585 299 ius
594 286 624 305 per

56 307 171 329 lmperamrias
185 306 267 330 [litteras]
280 311 321 324 vero
334 307 395 328 sigillo,
404 307 481 328 signatas
493 307 510 324 in
522 306 566 324 dictu
579 307 623 324 curin

56 332 177 354 vendicabant,
187 336 256 354 quarum
264 331 348 349 literarum
357 333 406 349 tenor
414 332 452 349 talis
461 333 495 349 est:

106 356 200 374 Friderieus
212 356 240 374 del
253 357 309 378 gracia
321 356 431 374 Romanorum
444 356 532 379 imperator
544 357 575 374 ete,
593 356 624 374 l’er

105 386 177 404 presens
191 382 269 404 scriptum
282 382 365 399 universis
377 383 409 399 etc.
426 381 486 398 Datum
499 381 543 403 apud
556 381 624 399 Utinum

106 406 123 423 in
134 406 172 424 foro
185 406 225 424 Julii
238 411 283 424 anno
296 406 340 423 dom.
353 407 386 423 inc.
399 406 500 423 m.eo.xxx.ii.
513 410 571 424 mense
580 406 623 429 maii,

106 432 163 453 quinta
172 431 269 448 indictione.

57 455 130 473 Tandem
139 455 251 473 mediantibus
259 456 352 473 venerabili
361 455 428 473 domino
435 456 493 473 nostro
500 454 579 472 Heinrico
584 454 623 478 Spi-

58 481 102 498 rensi
116 481 197 503 episcopo
210 482 227 498 et
239 481 276 498 aliis
289 481 329 498 viris
341 485 390 502 quam
400 480 473 503 plurimis
483 480 515 497 lide
525 479 593 503 dignis,
606 480 623 497 in

58 505 125 523 sormam
138 505 248 528 subscriptam
261 505 322 523 luimus
336 505 357 522 ad
372 505 443 523 invicem
457 504 564 522 concordati:
577 504 623 527 quod

58 530 100 547 dieta
113 530 158 548 curie
171 531 227 548 totalis
239 530 260 547 nd
269 535 310 547 usus
319 530 392 547 civitatis
401 532 458 547 nostre
466 528 558 552 perpetuos
568 529 622 552 cedet,

57 555 80 572 iia
89 556 142 572 tamen
152 555 197 577 quod
207 560 263 578 areas,
273 556 322 577 prout
330 555 408 576 *colurnus
417 555 511 578 distinctas,
522 559 544 571 ex
552 556 623 577 utraque

58 581 103 602 perte
112 579 221 602 longitudinis
233 580 308 603 predicte
321 580 365 597 ourie
374 579 466 597 locabimus
476 584 507 596 seu
516 579 623 597 concedimus

58 605 150 627 cuicunque
159 605 236 622 volumus
245 605 280 622 iure
290 604 390 622 hereditario
399 609 429 627 pro
438 609 491 622 censu
500 608 556 621 annuo
565 604 623 627 possi-

57 629 130 651 dendas,
139 630 162 647 ita
172 630 217 652 quod
226 634 256 652 per
262 630 323 647 curiam
332 634 354 647 ex
360 631 431 652 utraque
438 630 484 652 parte
491 629 577 646 domorum
586 628 623 646 edi-

57 654 138 672 ficatarum
150 655 198 672 vicus
211 654 287 677 publicus
297 656 314 672 et
322 655 414 672 eommunis
424 654 501 677 transiet,
514 654 596 676 incipiens
606 653 622 671 in

56 679 95 696 vieo
107 679 215 702 Hagenonis,
229 679 290 697 finiens
302 681 319 697 et
327 679 411 697 transiens
420 683 480 696 versus
490 679 556 696 beatum
565 678 622 696 Naza-

56 704 96 721 rium
111 706 224 727 prenotatam,
238 704 284 721 nullo
301 709 384 727 processu
400 705 492 726 temporum
505 703 623 721 obstruendus.

56 728 93 749 Que
102 728 160 746 domus
170 729 225 746 locate
234 729 270 746 iure
279 728 379 746 hereditario
388 729 403 746 si
412 733 433 746 ex
442 728 520 746 incendio
525 728 552 746 vel
561 729 622 746 vetus-

56 755 91 771 tate
103 754 182 776 temporis
195 753 308 776 destruantur,
322 754 336 771 si
344 754 369 771 illi
381 753 409 775 qui
418 758 448 771 eas
457 753 520 771 hahent
528 753 563 770 iure
572 753 622 770 liere-

56 778 115 795 ditario
124 778 208 796 noluerint
216 779 243 796 vel
252 783 286 796 non
295 778 380 801 potuerint
388 783 471 801 reparare,
480 778 517 795 aliis
527 777 622 795 hominibus

54 803 83 820 ille
91 803 150 821 domus
160 804 218 821 iterum
227 805 276 821 erunt
284 804 319 821 iure
328 802 428 821 hereditario
435 802 549 820 concedenda.
558 802 622 820 Demus

55 833 122 850 quoque
131 828 208 850 lapidea,
222 833 271 850 quam
281 833 312 845 nos
321 827 436 845 edificavimus
444 828 462 845 in
471 827 516 845 dicta
525 828 580 850 ouria,
592 827 622 844 erit

54 853 70 870 in
80 853 137 870 usibus
147 855 204 870 nostre
213 853 285 870 civitatis
294 853 388 875 perpetuis,
401 853 418 870 in
430 857 463 875 qua
474 852 534 870 baliste
546 853 594 869 scuta
605 853 622 869 et

53 882 80 895 res
93 878 125 895 alie
138 878 211 895 civitatis
224 880 281 895 nostre
291 878 350 895 belliue
360 877 475 899 servahuntur,
485 878 567 899 quatenus
577 877 591 894 si
600 876 622 894 ad

54 902 86 920 hoe
95 902 145 920 nobis
155 907 189 920 non
198 902 284 920 suffecerit
296 903 323 920 vel
332 902 433 925 expedierit,
447 902 501 924 ipsam
509 901 622 919 eoneedemus

53 928 87 945 iure
97 928 199 945 hereditario
208 932 237 950 pro
248 932 301 945 censu
313 932 369 945 annuo
383 926 512 950 possidendam,
525 927 569 944 siout
580 927 622 944 alias

55 951 113 970 dumos
121 953 138 970 in
149 957 188 969 area
198 954 292 970 memorata.
302 952 353 970 Cuius
361 952 421 969 domus
430 951 496 974 lapidee
504 952 554 969 ianua
562 956 622 969 versus

55 977 131 999 Hagonis
140 977 195 994 vicum
203 979 283 1000 ponetur,
294 977 378 995 introitmn
387 978 404 994 et
413 977 474 993 exitum
481 976 504 993 ibi
512 976 590 999 prebens.
603 976 622 993 ln

53 1002 99 1019 euius
108 1003 132 1019 rei
137 1002 250 1020 testinnonium
258 1004 275 1020 et
282 1002 337 1025 robur,
346 1006 367 1019 ne
376 1002 393 1019 in
402 1003 487 1024 posterum
496 1006 546 1023 super
556 1001 582 1018 his
590 1001 622 1018 ali-

54 1027 92 1049 quid
103 1028 146 1044 inler
153 1026 238 1049 predictos
246 1027 324 1045 dominos
332 1031 364 1044 nos
373 1028 390 1044 et
396 1028 469 1044 nostram
478 1026 561 1043 civitatem
568 1026 623 1048 possit

54 1052 127 1074 sompuli
132 1052 210 1074 suboriri,
217 1052 248 1069 sed
255 1052 300 1074 quod
304 1053 386 1074 perpetuo
391 1052 408 1068 in
414 1055 446 1068 suo
450 1051 511 1068 robore
519 1052 622 1073 perseveret,

53 1078 149 1099 presentem
161 1077 232 1094 [luerem
244 1077 301 1098 sigillo
314 1078 371 1094 nostre
383 1076 456 1093 civitatis
468 1076 564 1093 eommuniri
573 1075 622 1092 dedi-
