738 1221
126 71 162 89 320
292 77 359 89 causan
370 77 404 89 rm
414 77 427 89 e.
437 77 530 89 ιπεειιιιιτι.

125 114 183 130 eontra
191 112 250 130 seciern
258 112 342 129 Damasci.
351 111 392 129 Cum
400 113 455 129 autern
464 113 517 129 status
526 112 600 133 regionis
607 116 628 129 ex
636 114 687 130 morte

124 137 208 160 pontilicis
217 136 267 154 valde
276 136 350 154 turbatus
359 138 411 159 esset,
420 136 529 158 timerentqne
536 137 618 159 primores
627 138 643 154 et
652 137 687 154 cie—

125 167 154 180 ηις
162 166 184 179 ne
192 162 235 179 torte
242 162 289 179 cives
299 166 336 178 cum
347 161 433 178 Walramo
446 163 513 183 propter
521 161 608 183 privilegia
616 166 648 184 que
656 161 687 179 do-

125 187 179 204 minus
188 186 300 208 Engelbertus
308 186 401 203 communis
407 185 482 203 ntiiitetis
488 190 540 203 censa
550 186 651 209 confecerat,
658 187 687 204 eli-

126 211 165 234 qnid
177 213 234 228 eontra
245 211 317 228 ecclesie
324 210 416 228 libertatem
427 211 531 233 molirentur,
541 211 584 228 sicut
595 211 620 228 eis
630 213 688 233 postea

126 236 167 254 dure
175 236 217 253 satis
225 236 319 258 impositam
329 237 364 258 est,
372 235 416 252 diem
425 235 453 257 qni
461 237 488 252 est
495 235 651 258 decimusseptirnus
658 236 687 253 lra-

125 261 185 278 lendas
192 260 293 283 decembris,
303 260 330 282 qni
340 264 395 277 nonus
405 262 439 277 crat
447 265 457 277 a
463 260 506 277 cede
514 260 603 283 pontilicis,
611 261 687 278 electioni

125 286 231 309 pressxerunt
244 284 281 306 Quo
288 285 315 302 die
320 298 325 308 ,
334 284 418 302 medianto
425 286 442 301 et
448 286 549 307 cooperante
559 285 627 302 domino
634 285 688 302 Theo-

126 311 183 328 derico
197 310 292 327 Trevirensi
303 310 437 332 archiepiscopo,
447 309 535 327 Heinricus
544 310 640 327 Bonnensis
650 315 688 333 pre-

126 336 192 358 positus
197 335 214 352 in
220 336 305 357 pastorem
311 336 328 352 et
334 334 463 356 archipresulem
470 339 556 352 consensu
563 335 638 352 unenirni
646 335 689 352 clec-

125 362 153 378 tus
163 361 193 377 est.
202 359 240 380 Quo
247 360 293 377 iuxta
301 364 362 376 rnorem
368 359 385 376 in
394 359 470 381 episcopi
478 359 519 376 sede
527 359 617 382 residente,
626 360 687 377 elemo-

126 389 154 402 res
165 385 282 406 ministrorum,
294 383 311 401 id
322 385 349 401 est
361 388 419 401 eorum
430 384 458 406 qni
468 384 562 401 ministeriis
574 384 689 407 fungebantur,

127 409 148 427 de
159 414 201 427 nece
213 409 276 426 domini
285 409 311 426 sni
322 409 459 431 conquerentium
469 409 544 426 renovati
554 411 600 431 sunt,
610 411 627 426 et
638 409 659 426 ab
667 409 689 426 eis

127 434 198 451 interula
209 434 284 456 martyris
297 434 314 450 in
327 434 381 450 sinum
395 434 431 450 eius
445 433 522 455 deposita
533 435 563 451 est„
579 434 609 451 lite
622 438 664 451 vero
673 435 690 450 ut

127 459 173 476 aiunt
185 463 224 476 mox
235 459 302 480 iuravit,
315 462 334 475 se
345 458 444 480 sanguinem
454 458 491 475 cius
500 458 556 480 quoad
565 459 629 476 viveret
638 458 691 475 vindi-

127 485 206 501 caturum.
217 482 269 503 Quam
278 482 365 500 studiosus
374 485 429 500 autem
438 485 455 500 et
463 482 530 500 fervens
539 483 621 500 hactenus
631 485 648 500 et
656 483 690 500 fue-

127 509 148 525 rit
156 510 173 525 et
182 508 204 525 sit
212 508 229 524 in
238 512 258 525 ea
267 507 341 525 vindicta
353 507 480 529 persequenda,
492 507 515 524 ita
528 509 546 524 ut
558 512 613 530 neque
627 508 691 530 corpori

127 537 183 555 neque
196 532 271 555 pecuniis
284 534 349 554 parcet,
362 533 450 554 sequentia
462 532 575 549 declarabunt.
592 533 616 549 Eo
626 532 690 554 quidem

127 557 154 575 die
166 561 199 579 quo
212 556 307 574 sacerdotio
320 557 393 574 initiatus
406 559 439 579 est,
451 557 472 574 ed
484 557 553 578 gtcriarn
564 557 640 579 martyris
649 557 691 574 dita-

127 581 195 600 tandem
204 586 260 599 curam
269 581 316 598 altari
326 581 370 599 beati
379 582 423 599 Petri
431 582 519 603 exiguitati
527 586 564 599 mee
573 582 655 599 humiliter
663 586 691 599 sa-

128 608 149 624 tis
161 607 249 628 iniungere
261 606 340 628 dignatus
353 608 387 629 est,
402 608 420 624 ut
432 611 465 629 que
477 606 498 624 ah
511 611 532 624 eo
544 607 633 628 insigniter
645 608 691 629 gesta

128 634 167 650 sunt
175 633 192 649 et
200 631 278 649 miracuta
291 636 324 653 que
333 635 363 653 per
371 636 409 648 eum
417 631 499 649 Dominus
508 633 594 653 operetur,
603 631 624 649 nd
633 634 691 654 poste-

128 661 183 674 rorum
196 656 270 673 notitiem
282 656 344 678 scripto
353 656 484 673 transmitterem.
499 656 573 678 Cumque
584 661 610 673 rne
619 660 691 673 excuse-

128 686 162 699 rem
172 683 188 698 et
197 681 277 703 dicerem,
287 680 325 697 mihi
334 680 351 697 id
359 685 394 698 non
403 680 461 703 iicere;
471 681 521 703 priori
529 685 575 703 meo,
584 681 612 703 qui
622 685 691 703 presens

129 708 172 728 erat,
182 706 265 728 precepit,
274 707 292 722 ut
301 709 326 722 me
335 707 405 727 cogeret
413 705 486 723 obedire.
500 705 549 726 Quod
558 707 575 722 et
582 705 626 723 fecit.
636 706 691 727 Itaque

129 735 165 748 oum
178 730 239 747 multos
252 730 269 747 in
282 734 313 747 sua
324 729 389 747 diocesi
403 730 465 747 habeat
476 730 522 747 viros
533 730 619 753 sapientes
632 732 649 747 et
657 730 692 747 eto-

129 756 207 777 quentes,
216 756 274 777 utpote
282 754 373 776 theologos
382 754 457 772 rhetores
465 757 482 772 et
488 754 604 777 philosophos,
614 755 642 777 qai
650 754 692 772 beati

129 779 242 797 antecessoris
251 779 287 796 eius
296 779 346 796 vitam
355 780 449 801 martyrium
459 781 476 797 et
484 780 561 797 miracuta
568 779 642 801 eleganti
650 779 692 801 stylo

129 804 202 822 seribere
215 805 232 821 et
247 803 315 821 floribus
327 804 413 821 rhetoricis
428 808 488 822 ornare
503 805 584 827 possent,
596 805 611 821 si
626 804 693 822 materia

129 829 179 846 laude
188 828 248 851 digne,
262 833 339 846 sermone
351 829 414 846 inculto
424 834 433 846 a
442 833 468 846 mo
476 830 546 846 tractata
555 829 604 846 fuerit
613 830 630 846 et
638 829 692 851 expli-

130 855 176 876 cata,
189 858 223 870 non
236 853 275 870 mitri
288 858 337 875 quem
350 853 397 875 uogit
409 853 514 876 obedientie,
527 853 558 871 sed
570 854 592 871 ilii
601 854 657 876 potius
666 853 692 875 qui

130 879 201 896 iniunxit
210 877 322 900 imputandum
331 879 362 895 est

167 903 223 925 Capu!
234 903 352 920 dundee-imum.
369 902 409 920 Cnrn
418 902 435 919 in
445 906 465 919 ee
474 902 557 920 electione
566 904 655 925 presentes
664 901 693 920 ad-

131 930 191 945 essent
206 927 239 945 dux
252 927 347 945 Walrnmns
359 929 377 944 et
389 927 433 945 fliius
445 927 482 944 eius
495 927 591 950 Heinricns,
603 928 619 945 in
632 929 692 947 tentum

131 954 223 970 commotus
236 954 262 969 est
273 952 411 974 archiepiscopus
420 952 492 974 electus,
501 954 519 969 ut
528 952 577 974 feuda
585 957 619 975 que
628 952 693 970 Watre-

131 981 168 994 mas
177 982 187 994 a
196 977 245 994 bento
255 976 302 994 Petro
311 976 384 994 habebat
392 978 409 994 et
421 981 453 998 que
462 976 506 994 tilius
515 977 552 994 eius
561 977 646 994 habiturus
655 978 693 999 erat,

131 1002 216 1024 porrigere
225 1003 315 1022 recusaret,
322 1001 373 1024 idque
380 1001 402 1018 ob
409 1001 499 1023 supradicti
506 1002 555 1018 castri
562 1001 693 1019 destructionem.

132 1026 200 1043 Civibus
213 1026 262 1043 etiarn
276 1026 345 1048 negavit
354 1026 424 1048 gretiam
433 1030 480 1043 suam
489 1026 511 1043 ob
520 1026 643 1048 privilegiorum
652 1031 693 1043 cou-

132 1051 250 1068 cremationem
259 1052 276 1068 et
284 1051 383 1068 societatem
391 1055 428 1068 cum
435 1050 520 1068 Watrano
526 1051 584 1068 initam
589 1053 639 1074 atque
648 1051 694 1068 etiarn
