738 1221
227 66 309 78 nonninus
320 66 338 78 ιιι
349 66 434 78 susurrant.
578 60 610 77 1³1

52 100 109 123 sessus,
126 102 216 123 antequam
227 101 300 118 membra
312 105 342 118 sua
354 101 409 118 adhue
420 101 483 118 lassata
495 102 545 123 quieti
558 101 610 123 daret,
622 105 654 119 rese

52 127 116 142 castrum
126 125 193 143 obsedit
203 126 281 148 Girsperg
288 127 355 148 propter
364 126 466 143 occisionem
475 126 530 143 Sisridi
538 126 559 143 de
567 126 613 143 Gun—

52 150 129 167 dolzbeim
141 151 205 173 militis,
218 151 269 168 occisi
281 152 299 168 ut
313 150 399 167 dicebatur
411 155 441 172 per
451 150 528 168 dominos
536 151 556 168 de
565 151 612 168 Girs-

51 179 92 196 perg.
106 175 181 197 Cumque
192 176 208 192 in
221 175 311 193 obsidione
320 176 417 197 persisteret
429 176 482 197 ipsius
494 176 543 192 castri
553 176 614 193 clamor

51 199 69 216 atl
80 204 129 217 aures
139 200 192 222 ipsius
201 199 262 217 domiui
274 200 319 222 regis
329 200 398 217 invaluit
408 200 478 222 ingens,
489 200 535 222 quod
548 200 613 223 quidam

51 224 107 241 domini
118 224 140 242 de
153 225 238 247 Turyngin
251 229 281 242 sue
295 225 352 242 salutis
366 226 470 242 immemores
487 227 546 242 terram
561 226 613 247 ipsam

51 249 142 272 Turyngie,
153 254 185 267 nec
195 254 228 267 noa
241 250 317 267 homines
331 250 400 267 aliarum
410 251 490 267 terrarum
502 251 614 272 transeuntes,

51 276 103 291 eontra
121 275 201 291 iustitiam
215 275 307 297 spoliarent
322 276 339 291 et
354 274 456 291 invaderent.
476 274 512 291 Rex
524 279 564 292 vero
572 279 613 297 pre-

51 298 110 321 dictus,
121 299 182 317 velens
190 299 235 321 quod
247 300 264 316 in
276 304 296 317 eo
307 301 342 316 erat
350 299 422 316 debitum
430 299 522 321 perducere
529 299 551 316 ad
559 299 613 316 effec—

51 325 87 346 tum,
102 324 161 341 relicto
172 324 246 341 exercitu
260 325 277 341 in
289 323 379 341 obsidione
391 324 479 346 Girsberg‚
493 324 526 341 alio
543 324 614 341 collecto

52 348 120 365 exercitu
136 353 185 365 manu
198 348 234 366 forti
246 350 304 366 contra
317 348 376 366 hostes
392 349 480 371 Turingie,
495 350 573 370 tanquam
586 349 614 366 leo

51 373 133 390 animosus
145 373 234 396 anhelavit,
246 378 282 391 cum
292 377 350 390 manus
360 374 396 390 eius
409 378 492 395 nunquam
501 373 584 395 languerit
593 373 614 390 ad

51 397 141 415 vindictam.

83 422 124 439 Cum
133 425 188 443 eutem
196 423 302 445 pervenisset
313 423 334 440 ad
345 424 399 445 ipsam
411 424 469 439 terram
479 423 569 445 Turyngie,
581 423 614 440 ibi-

52 451 79 468 que
92 447 114 464 ab
123 448 201 465 omnihus
212 447 284 465 dominis
294 448 412 470 suprascriptis
423 449 518 464 reverenter
530 448 573 464 sicut
581 447 614 464 de-

52 472 80 488 cuit
87 474 114 489 est
121 474 206 494 receptus,
214 474 290 490 statuens
298 473 330 489 sibi
339 473 443 489 mansionem
451 472 467 489 in
477 472 561 494 Ersordia,
569 474 585 489 et
593 472 614 489 ab

52 496 75 513 illa
82 497 150 514 civitate
158 499 216 514 eontra
224 497 311 515 invasores
320 499 398 514 terrarum
414 497 565 514 circumiacentium
576 501 615 514 mo-

52 525 89 538 vens
102 522 169 539 bellum.
194 522 215 539 Et
225 522 327 544 expugnavit
341 522 396 544 spatio
409 522 457 539 unius
470 522 518 544 anni,
533 521 615 538 arridente

53 546 79 563 sihi
89 546 158 564 domina
167 547 248 569 Fortuna,
261 547 367 569 septuaginta
382 548 436 563 eastra
451 546 501 568 opida
516 548 615 568 ceterasque

53 571 161 594 munitione&
179 576 248 593 quorum
261 573 324 593 partem
340 571 418 588 radicitus
434 571 503 593 evulsit,
519 573 615 593 partemque

53 595 125 613 custodie
132 596 233 619 mancipavit
243 598 260 613 et
270 596 291 613 ad
299 600 341 613 usus
353 596 417 618 imperii
425 595 523 618 applicavit,
533 600 569 613 cum
578 596 616 618 quis

52 621 114 643 proprio
125 625 182 638 carere
191 621 257 644 debeat,
271 622 298 643 qui
310 625 368 638 manus
377 625 416 638 suas
427 620 448 637 ad
461 625 488 637 res
502 621 571 642 proximi
581 620 616 637 illi-

53 645 81 662 cite
101 646 189 667 porrigere
204 650 238 663 non
252 645 336 667 sormidat3
351 645 464 662 inhabitantes
478 645 527 662 etiam
545 647 616 662 castrum

53 670 107 691 partim
121 671 204 693 capitibus
215 671 304 693 truncavit,
318 672 334 688 et
346 671 405 693 partim
414 671 495 692 perpetuo
505 670 577 692 carceri,
589 669 616 686 ubi

53 694 92 712 diem
99 699 148 712 suum
156 695 234 712 claudent
241 696 340 717 extremum,
351 699 412 716 magno
420 699 454 712 non
465 695 502 712 sine
511 694 569 711 dolore
578 699 616 716 pre-

53 720 93 742 cepit
106 720 178 742 includi,
193 721 209 737 et
221 720 287 737 favente
301 725 338 737 eum
353 719 409 737 divina
425 719 513 736 elementia
527 723 585 741 pacem
599 719 617 736 iu

54 745 91 761 terra
99 745 186 766 Turyngie
196 745 269 762 Saxonie
279 746 296 762 et
303 745 371 762 aliarum
380 744 529 761 circumiacentium
538 745 616 761 terrarum

54 769 86 786 eriri
94 769 135 786 fecit
141 774 208 787 novam.

86 794 132 811 Inter
139 796 194 811 cetera
203 796 257 811 autem
266 799 303 811 eum
314 798 342 811 rex
350 794 444 811 antedictus
452 793 527 810 Erfordie
538 797 617 815 perman-

55 818 110 840 sisset,
124 819 198 836 accessit
207 819 228 836 ad
239 823 276 836 eum
290 819 356 836 advena
367 819 433 840 quidam
444 820 534 840 mereator,
549 822 617 839 gravem

54 847 104 860 coram
115 848 137 860 eo
154 843 175 861 de
188 844 261 866 quodam
275 844 312 861 cive
323 843 419 861 Ersordensi
433 842 552 865 querimoniam
563 843 618 865 depo-

55 868 114 890 nendo,
128 868 187 885 dicens
199 868 243 890 quod
256 868 309 885 eidem
322 868 354 885 civi
366 868 448 890 quandam
459 871 538 884 summum
553 868 618 889 argenti

55 893 134 910 comiserit
142 893 279 915 conservandam,
288 893 309 910 ad
317 893 361 915 quud
372 893 399 910 ille
410 892 450 909 civis
459 891 538 912 negando
547 896 618 914 respon-

55 916 74 933 dit
81 917 127 939 quod
135 922 169 935 non
179 918 245 935 noverit
254 918 341 935 hominem.
362 917 397 934 Rex
407 921 446 934 vero
457 917 561 933 coniecturas
570 916 619 934 faciei

55 942 92 959 civis
101 942 212 959 considerans
222 943 253 959 ait:
267 942 304 964 Quo
317 947 360 959 ausu
373 942 461 959 temerario
472 942 503 957 me
516 943 599 958 mercator
608 946 619 958 a

55 967 67 982 te
74 971 106 984 non
114 968 219 984 commessura
228 968 333 989 presumeret
342 966 442 988 postulare?
458 965 502 982 Civis
512 966 570 983 iterum
582 971 619 983 curn

55 990 143 1009 iuramento
155 991 235 1013 negando
244 991 339 1014 respondit,
348 992 393 1013 quod
402 994 486 1012 nunquam
496 990 556 1008 viderit
563 991 619 1008 horni-

56 1020 88 1033 nem
100 1018 116 1033 et
129 1016 175 1039 quod
187 1016 218 1033 bec
229 1017 313 1039 postulare
325 1016 346 1033 ab
357 1021 378 1033 eo
390 1016 455 1033 absona
466 1017 533 1038 essent,
546 1017 562 1033 et
573 1015 619 1038 quod

56 1042 117 1058 omnino
126 1042 190 1058 ratione
198 1043 276 1059 carerent⁴
288 1041 362 1058 Tandem
374 1045 404 1058 rex
413 1040 434 1057 ad
446 1040 565 1057 enucleandam
575 1041 620 1057 veri-

56 1066 98 1083 [atem
107 1068 124 1083 et
134 1066 213 1083 malitium
223 1066 355 1083 convincendam
364 1066 415 1088 civis,
424 1065 474 1082 oculo
485 1069 516 1081 sue
526 1065 571 1086 regie
581 1069 619 1081 rna·-

502 1091 521 1104 9-
