738 1221
236 76 301 87 Arum-re
311 76 429 87 iucmriazxsiz.
574 70 606 86 ¹0¹

44 110 85 126 terim
97 109 186 132 Philippus
200 110 290 127 exercitum
303 110 385 131 colligens
394 110 475 127 Alsutiant
488 111 544 134 petiit,
558 116 606 128 omne
617 114 650 128 1198

44 134 138 151 frumentum
150 135 168 151 in
182 139 238 151 messe
247 134 367 157 pessundedit,
381 135 486 152 Mollesheim
495 136 608 158 expugnando

45 159 123 182 cremavit,
133 159 172 176 solo
182 159 266 176 cemiterio
275 160 292 176 in
301 159 403 176 deditionem
411 161 488 182 recepto,
501 160 609 182 Hnldenburg

46 184 128 206 presidium
138 184 188 207 cepit,
198 184 299 206 cemiterium
306 184 363 206 Epiaci
371 184 458 208 confregit,
465 189 524 202 omues
533 185 609 203 homines

47 208 170 230 Argentinensis
183 209 258 231 episcopi
272 210 288 226 et
300 209 365 226 comitis
378 209 399 226 de
408 209 513 232 'tagoshurg7
523 210 550 232 qui
563 212 609 227 crant

47 234 138 251 assentanei
147 233 215 251 Ottonis
227 234 280 256 regis7
293 235 310 251 et
322 235 373 251 totam
385 234 478 251 inferiorem
489 234 571 252 Alsatiam
583 235 609 252 iu-

47 258 100 275 cendio
110 260 127 275 et
136 259 193 280 rapina
202 259 279 275 vastavit.
297 258 336 275 [nde
345 258 440 280 procedens
449 259 511 276 curiam
519 259 609 281 Maguncie

47 288 79 300 cum
88 283 122 300 suis
136 283 233 300 fautoribus
243 283 259 300 in
273 283 388 305 assumptione
398 283 447 300 beate
455 284 508 301 Marte
518 283 566 307 [aug.
576 283 608 307 15]

48 307 102 324 habuit.
120 308 150 325 Ubi
166 312 176 324 a
189 307 264 329 pluribus
279 308 381 330 principibus
396 308 510 330 sollempniter
523 309 586 326 electus
599 313 609 326 a

48 332 135 349 Trevirensi
145 333 234 355 episcopo,
248 333 275 354 qui
284 333 317 349 iam
326 333 383 350 relicto
393 333 425 350 alio
435 333 487 350 eciam
497 333 540 350 huuc
550 334 609 355 elege-

49 359 77 379 rat,
89 362 122 374 una
131 361 168 374 cum
177 357 272 374 Tarenlauo
279 356 284 366 ¹
299 357 435 379 archiepiscopo,
450 358 478 379 qui
486 358 525 375 loco
535 358 609 380 Magan-

49 382 111 399 linensis
124 382 246 404 archiepiscopi
259 382 323 399 accitus
333 384 377 405 erat,
390 383 469 399 inunctus
479 384 510 399 est.
531 382 558 400 Ad
568 387 609 400 ean-

49 406 80 423 ilem
88 407 149 424 curiam
158 407 243 429 Philippus
252 411 281 424 rex
290 406 387 424 Ottocarum
396 407 456 424 ducem
465 407 544 424 Bohemie
553 412 610 429 regem

48 431 86 453 lacit,
95 431 138 448 datis
148 431 179 448 sibi
189 433 206 448 et
214 432 261 448 uxori
270 436 301 448 sue
310 432 382 449 coronis.

80 460 97 477 ln
105 461 143 482 ipso
153 462 227 483 tempore
233 460 331 477 Constantia
340 461 434 482 imperatrix
442 461 459 477 in
466 461 522 478 Sicilia
531 460 609 478 defuncta

50 487 78 507 cst,
94 487 110 502 et
124 485 167 502 lilius
179 485 272 502 Fridcricus
285 487 324 507 post
337 486 398 502 mullos
410 485 478 503 labores
491 485 552 502 ibidem
566 486 610 508 oepit

48 514 114 531 regnare

78 534 127 552 Anno
140 535 242 551 m,o.xc.viiii.
256 539 284 551 rex
294 534 378 557 Philippus
388 535 446 552 iterum
456 535 527 552 collecto
536 535 610 551 exercitu

48 561 113 581 tempore
123 559 184 576 messis
194 558 274 576 Alsatiam
283 560 330 581 petiit
339 561 355 576 et
367 564 415 576 omne
428 559 526 576 framentum
535 564 609 581 pessun-

48 583 95 606 dedit,
105 584 186 601 adversas
195 584 254 601 domos
264 585 280 601 iu
289 584 363 601 Rubiaco
373 584 463 607 confregit,
476 584 527 601 multa
536 584 609 606 presidia

48 608 169 630 Argentinensis
182 609 258 631 episcopi
270 611 287 626 ct
296 609 360 626 comitis
370 608 433 626 Alberti
442 608 532 631 destruxit,
545 609 609 631 ipsam-

48 638 74 655 que
83 634 166 650 civitatem
176 634 247 651 obsedit.
265 633 339 651 Tandem
352 633 463 651 mediantibus
472 633 551 651 Bertoldo
566 633 608 650 duce

47 658 64 675 de
71 658 154 680 Zeringen
164 657 225 675 etaliis
235 659 290 675 multis
299 659 409 680 principibus,
419 658 457 675 talis
468 658 567 680 compositio
576 662 608 680 pa·-

47 683 66 699 cis
75 683 116 700 iuter
126 688 182 704 regem
191 684 208 700 et
217 683 314 705 episcopum
319 683 459 705 Argentinensem
468 683 513 700 sacta
522 684 553 705 est,
563 682 608 704 quod

46 707 122 725 beneficia
135 712 167 729 que
180 709 228 730 pater
240 709 257 725 ot
268 708 319 725 frater
331 712 372 725 suus
385 708 406 725 ab
420 708 506 730 episcopio
520 709 608 724 tenuerunt

46 732 135 749 omnimode
148 732 199 749 libera
212 732 320 754 dimitterent,
334 734 351 749 et
364 733 455 755 episcopus
468 732 513 749 eiad
523 732 609 749 retinenda

45 758 86 779 regui
95 757 210 779 gubernacula
219 762 248 779 pro
258 762 310 779 posse
320 757 389 774 faveret.

76 786 117 803 lude
127 786 234 808 expeditione
244 786 288 803 sacta
297 787 386 803 exercitum
396 791 455 803 versus
462 785 563 808 Aquisgrani
572 790 609 803 rno-

45 811 72 833 u't,
81 813 133 833 atque
143 811 231 828 Mosellam
241 811 308 828 lluvium
318 812 387 828 transiit
410 811 444 828 Sed
458 811 496 828 inde
507 810 568 828 infecto
577 815 609 827 ne-

43 836 85 857 gotio
94 836 153 858 rediit,
163 836 269 853 obstantibus
279 836 310 853 sibi
320 835 382 853 Ottone
391 840 431 857 rege
441 838 457 852 et
466 835 558 852 fautoribus
567 835 608 852 suis.

43 860 100 877 Habuit
114 862 190 883 preterea
207 865 285 882 inagnum
299 863 401 878 conventum
414 861 504 883 principum
518 860 562 882 apud
574 860 608 876 Ba-

43 885 123 907 henberg,
137 885 165 902 ubi
178 886 223 902 inulti
233 886 309 908 episcopi
323 887 340 902 et
348 885 485 907 Soltzburgensis
495 885 608 906 archiepisco-

43 914 70 931 pus
79 910 131 927 alluit.
149 910 180 927 Uhi
193 911 229 932 ipsc
239 915 275 927 cum
285 910 371 932 episcopis
385 914 425 927 ossa
439 910 492 927 saneti
506 909 577 926 Heinrici
592 912 608 926 et

43 937 95 952 sancte
103 935 215 956 Kunegundis
224 935 328 957 levaverunt,
336 935 379 952 sicut
388 934 409 951 ab
418 934 516 951 Innocentio
525 939 569 956 papa
578 939 608 951 ca-

44 960 111 976 nonisati
121 959 195 982 fuerant,
205 961 222 976 et
230 959 305 982 pluribus
314 960 397 976 miraculis
406 959 451 981 prius
461 961 595 976 coruscaverunt.

75 984 93 1001 ln
102 984 163 1001 eodem
176 988 221 1001 anno
234 986 273 1001 autc
285 984 388 1001 nativitatem
397 983 459 1001 domini
468 983 572 1001 combustum
581 985 607 1001 est

45 1010 155 1026 monasterium
165 1008 273 1031 Hohenburg,

75 1033 123 1051 Anno
133 1034 196 1051 domiui
205 1038 251 1051 mcc.
261 1033 300 1051 Otto
310 1038 375 1057 comes,
389 1034 439 1051 frater
447 1033 517 1056 Philippi
526 1034 570 1055 regis
576 1046 580 1055 ‚
590 1034 606 1050 in

7 1075 8 1102 l
60 1077 179 1094 l)'1'1rentasi‹=usi
188 1077 228 1091 sollte
237 1081 252 1091 cs
262 1077 320 1091 heiuen.
