738 1221
119 54 154 71 ³92
297 61 379 72 canonicor(
390 60 504 72 tarnoauitass.

78 99 111 113 tw
120 95 153 113 fide
160 95 238 112 iuratoria
246 95 340 113 defendens
347 96 408 117 postea
415 95 503 112 convietus
510 99 540 117 per
548 95 638 112 hereticum
648 99 687 112 ore-

118 122 194 137 maretnr.
207 119 312 142 Quapropter
318 122 358 142 post
364 120 453 137 concilium
462 124 507 137 anno
516 120 594 142 preterito
599 119 687 141 Moguntie

118 145 224 167 celebratum,
234 149 264 162 rex
273 146 289 162 et
298 144 408 166 Moguntmus
422 149 442 162 ae
451 144 555 161 'trevirensis
566 144 687 166 archiepiscopi

119 169 212 187 Cunradnm
220 169 338 187 scholasticum
343 169 439 191 Spirenseni
449 169 470 186 ad
478 169 540 186 curiam
547 169 638 186 Romanam
647 169 687 186 des-

119 195 196 216 tinantesy
201 194 264 211 domini
270 198 314 216 pape
320 194 407 211 consilium
412 198 463 216 super
468 193 562 211 huiusmodi
569 193 621 211 ferma
627 194 687 213 51115111-

118 219 148 236 tati
152 220 196 236 511111.
204 218 258 241 Super
264 218 325 240 quihus
332 223 376 241 papa
387 218 436 235 valde
442 218 517 236 turbatus
526 220 542 235 et
551 223 561 235 a
569 218 687 241 cardinalibus,

119 244 181 266 quihus
190 243 276 265 negotium
285 247 315 265 per
320 244 352 260 iam
362 243 423 260 dictum
428 243 522 260 Cnnradum
531 243 651 260 scholasticum
661 243 686 260 iu-

119 270 204 290 notuerat,
221 267 310 290 inductus,
325 268 401 289 magistri
411 267 484 285 Cnnradi
495 267 517 285 de
529 267 607 285 Marbure
620 267 688 285 sormam

119 293 169 310 novis
175 293 234 310 litteris
239 293 299 310 irritam
308 292 416 310 indicaverat
426 292 460 310 Sed
467 294 556 314 antequam
561 293 634 310 nuncius
642 292 687 310 Cou-

119 318 155 335 radi
162 317 242 335 redeundi
250 317 333 335 licentiam
338 318 428 340 assumptis
434 318 493 335 litteris
499 317 599 339 accepisset,
604 322 647 335 enee
652 318 688 339 qui-

120 342 157 360 dam
164 342 227 359 ordinis
232 342 360 364 Predioatorum,
368 342 422 359 Torso
431 343 527 365 agnomine,
535 342 611 364 veniens,
619 344 687 359 mortem

119 367 193 389 magistri
200 367 273 384 Cunradi
280 366 301 384 de
307 366 386 384 Marbure
392 371 436 389 pape
442 367 528 384 nuntiavit.
537 366 575 387 Quo
583 366 642 384 audito
646 371 688 389 papa

119 392 168 409 nimis
184 391 293 409 conturbatus
304 391 368 409 litteras
383 393 440 409 centra
449 391 518 409 sennam
529 391 605 413 magistri
616 391 688 408 Cunradi

119 421 173 439 nuper
184 417 254 438 scriptas
266 416 373 439 discerpens,
387 417 432 438 regis
443 417 521 434 nuncium
534 416 619 433 beneficiis
634 416 688 433 eoele-

119 441 193 458 ciasticis
204 441 267 463 privare
277 441 382 463 disponebat.
396 441 430 458 Sed
440 445 471 463 per
482 441 589 458 cardinalium
601 442 618 458 et
631 440 688 458 Predi-

120 468 194 483 catorum
205 466 315 483 interventum
324 465 397 488 adiutus,
405 466 479 488 acceptis
487 466 524 483 aliis
534 465 635 488 supradietis
645 465 688 482 litte-

121 491 143 508 ris
155 495 232 507 reversus
241 492 272 507 est.
285 490 333 507 Nune
340 491 396 512 itaque
406 490 427 507 ad
436 490 531 513 supradicta
540 492 647 507 revertamur.

157 515 210 537 Igitur
216 519 244 532 rex
249 515 266 532 in
273 517 358 532 conventu
364 516 455 537 principum
460 514 635 532 Hildensbeiineusern
644 515 688 537 epis-

121 544 181 562 copum
188 544 269 557 accusare
276 540 325 562 oepit,
336 544 367 562 pro
375 544 396 557 eo
405 540 451 562 qnod
458 544 509 562 supra
516 540 599 560 hereticos
608 539 688 562 populum

121 568 170 582 ernee
182 564 259 586 signavit.
273 564 304 584 Qui
316 568 335 582 se
347 564 455 587 probabiliter
468 569 552 582 excusans
556 577 562 587 ,
571 564 688 582 exhortatione

121 589 222 611 oompetenti
234 589 277 606 iacta
287 593 318 611 pro
328 589 383 606 crucis
395 589 474 612 negotio,
492 589 569 606 omnibus
579 588 689 611 poscentibus

122 618 141 631 se
149 613 207 637 [eruce
216 614 288 635 signari,
297 613 325 637 se]
334 616 431 631 constanter
443 614 550 636 exsolvebat,
563 618 583 631 aa
594 618 633 631 eum
642 613 688 631 11111111

122 638 183 656 Ottoue
197 639 260 656 ordinis
275 638 397 656 Predieatornm
412 640 474 661 partem
485 639 559 660 magistri
573 638 647 656 Cunradi
659 638 689 655 de-

122 663 173 681 iuneti
185 663 274 685 diligenter
285 663 367 681 tuebatur.
392 663 466 681 Tandem
478 663 549 681 absente
560 668 600 685 rege
613 665 632 680 et
643 663 688 680 laim's

121 689 204 710 personis,
212 688 243 705 soli
254 688 328 711 episcopi
335 693 372 705 cum
380 688 440 705 ceteris
448 688 547 710 quibusdam
555 688 624 710 prelatis
629 688 647 705 in
652 688 688 705 loeo

122 713 191 735 speciali
207 712 228 729 de
241 713 279 730 fidei
291 713 364 734 negotiis
378 715 447 730 tractare
458 715 543 735 ceperunt
556 713 631 734 Cumque
641 712 689 729 multa

122 739 180 754 contra
192 737 267 754 defuncti
280 737 352 754 Cunradi
360 739 423 760 partem
428 751 433 760 ,
443 739 460 755 et
468 738 524 759 aliqua
532 742 562 760 pro
571 738 609 759 ipso
618 737 689 754 fuissent

122 762 200 784 allegata,
208 766 252 779 unus
260 766 281 779 ex
288 762 356 784 prelatis
363 762 380 779 in
388 762 419 779 bec
427 763 502 785 prorupit
510 762 567 785 verba,
576 761 644 779 dioens:
653 766 688 778 ma-

121 787 190 808 qim-um
201 787 297 803 Commium
308 787 329 803 de
341 786 421 804 Murburc
434 787 501 809 diynum
507 787 546 808 sore
555 786 689 804 aemulamina·

122 816 144 828 ac
152 811 196 828 colu!
205 810 295 828 hereticum
304 812 445 829 concremandum.
459 812 500 829 Post
508 812 539 829 hec
551 813 606 829 autem
617 812 689 828 interve-

124 836 210 853 nientibus
219 836 252 853 illis
260 836 352 858 infamatis,
361 837 390 858 11111
399 841 443 854 anno
452 837 540 859 preterito,
552 838 570 853 ut
578 836 689 858 supradictum

123 862 159 883 est,
172 865 192 878 se
204 861 277 878 ecclesie
291 861 361 878 examini
371 861 478 883 dediderant,
488 863 538 883 atque
548 865 613 878 crucem
623 863 662 878 ante
670 864 688 877 se

122 885 224 907 ferentibuS,
233 886 302 908 insuper
311 885 332 903 de
341 885 415 903 defuncti
424 885 497 903 Cnnradi
506 886 562 908 saetis,
572 886 651 903 clamosis
658 889 688 902 ve-

122 910 169 928 cibus
182 910 297 928 miserabiliter
312 910 444 933 querelantibus,
457 912 513 928 tantus
527 910 583 928 subito
595 910 640 933 cepit
653 909 688 927 oriri

122 935 201 952 tumultus
213 937 231 952 et
243 935 324 958 turbatio,
337 937 354 952 ut
367 936 384 952 hi
396 934 428 957 qus
437 940 458 952 ex
470 937 517 958 parte
528 935 603 957 magistri
617 934 687 952 Cunrndi

123 960 222 977 exstiterunt
230 964 249 977 se
258 964 316 977 manus
326 960 458 977 adversariorum
468 960 577 983 desperarent
585 959 663 977 evadere.

159 984 224 1002 Deinde
236 984 277 1002 teria
289 984 364 1002 secunda
373 984 415 1008 [seb.
425 984 445 1008 6]
455 990 485 1002 rex
493 989 530 1002 curn
540 985 616 1002 omuibus
625 984 687 1007 prinei-

122 1009 172 1031 pibus
181 1014 201 1026 ac
210 1009 278 1031 prelatis
287 1010 315 1031 11111
324 1009 394 1027 aderant
402 1010 486 1027 civitatem
495 1009 593 1032 egrediens,
605 1010 622 1026 111
630 1013 688 1031 cumpo

121 1033 196 1056 presedit
207 1033 278 1056 iudicio,
291 1034 348 1056 ibique
361 1039 419 1052 eomes
431 1034 452 1052 de
462 1034 513 1052 Seine
522 1039 541 1051 se
550 1039 587 1051 enm
596 1035 634 1051 outo
644 1034 688 1056 epis*

122 1059 170 1081 copis
183 1060 200 1076 et
212 1058 300 1076 dnodeeim
313 1059 364 1080 grisei
379 1059 442 1076 ordinis
450 1059 540 1077 abbatibus
549 1064 570 1077 aa
579 1058 647 1076 totidem
656 1058 688 1076 Mi-
