<?xml version="1.0" encoding="UTF-8"?>
<!DOCTYPE html PUBLIC "-//W3C//DTD XHTML 1.0 Transitional//EN"
    "http://www.w3.org/TR/xhtml1/DTD/xhtml1-transitional.dtd">
<html xmlns="http://www.w3.org/1999/xhtml" xml:lang="en" lang="en">
 <head>
  <title>
</title>
<meta http-equiv="Content-Type" content="text/html;charset=utf-8" />
  <meta name='ocr-system' content='tesseract 3.04.00' />
  <meta name='ocr-capabilities' content='ocr_page ocr_carea ocr_par ocr_line ocrx_word'/>
</head>
<body>
  <div class='ocr_page' id='page_1' title='image "./fontesrerumgerm05hubegoog_0434.png"; bbox 0 0 738 1221; ppageno 0'>
   <div class='ocr_carea' id='block_1_1' title="bbox 237 61 611 80">
    <p class='ocr_par' dir='ltr' id='par_1_1' title="bbox 237 61 611 80">
     <span class='ocr_line' id='line_1_1' title="bbox 237 61 611 80; baseline -0.003 -1"><span class='ocrx_word' id='word_1_1' title='bbox 237 68 255 79; x_wconf 76' lang='lat' dir='ltr'>n</span> <span class='ocrx_word' id='word_1_2' title='bbox 267 68 328 80; x_wconf 74' lang='lat' dir='ltr'><strong>amusan</strong></span> <span class='ocrx_word' id='word_1_3' title='bbox 340 68 419 79; x_wconf 70' lang='lat' dir='ltr'><strong>usonizxsr.</strong></span> <span class='ocrx_word' id='word_1_4' title='bbox 577 61 611 79; x_wconf 80' lang='lat'><strong>373</strong></span> 
     </span>
    </p>
   </div>
   <div class='ocr_carea' id='block_1_2' title="bbox 43 102 654 1087">
    <p class='ocr_par' dir='ltr' id='par_1_2' title="bbox 43 102 654 1087">
     <span class='ocr_line' id='line_1_2' title="bbox 46 102 654 125; baseline 0 -5"><span class='ocrx_word' id='word_1_5' title='bbox 46 105 88 121; x_wconf 84' lang='lat' dir='ltr'><strong>sunt.</strong></span> <span class='ocrx_word' id='word_1_6' title='bbox 101 103 208 120; x_wconf 79' lang='lat' dir='ltr'><strong>coloniensis</strong></span> <span class='ocrx_word' id='word_1_7' title='bbox 222 103 357 125; x_wconf 76' lang='lat' dir='ltr'><strong>archiepiscopus</strong></span> <span class='ocrx_word' id='word_1_8' title='bbox 370 105 387 120; x_wconf 82' lang='grc' dir='ltr'><strong>οι</strong></span> <span class='ocrx_word' id='word_1_9' title='bbox 398 102 473 119; x_wconf 73' lang='lat' dir='ltr'><strong>fautores</strong></span> <span class='ocrx_word' id='word_1_10' title='bbox 482 103 509 119; x_wconf 87' lang='lat' dir='ltr'><strong>sui</strong></span> <span class='ocrx_word' id='word_1_11' title='bbox 521 103 580 120; x_wconf 87' lang='lat' dir='ltr'><strong>ducem</strong></span> <span class='ocrx_word' id='word_1_12' title='bbox 589 103 610 120; x_wconf 93' lang='lat' dir='ltr'><strong>de</strong></span> <span class='ocrx_word' id='word_1_13' title='bbox 621 107 654 120; x_wconf 73' lang='lat' dir='ltr'><strong>nes</strong></span> 
     </span>
     <span class='ocr_line' id='line_1_3' title="bbox 47 127 612 149; baseline 0 -5"><span class='ocrx_word' id='word_1_14' title='bbox 47 128 132 149; x_wconf 82' lang='lat' dir='ltr'><strong>Cerenges</strong></span> <span class='ocrx_word' id='word_1_15' title='bbox 142 127 238 145; x_wconf 85' lang='lat' dir='ltr'><strong>Bertoldum</strong></span> <span class='ocrx_word' id='word_1_16' title='bbox 247 127 308 149; x_wconf 73' lang='lat' dir='ltr'><strong>clegit;</strong></span> <span class='ocrx_word' id='word_1_17' title='bbox 318 127 346 144; x_wconf 84' lang='lat' dir='ltr'><strong>alii</strong></span> <span class='ocrx_word' id='word_1_18' title='bbox 353 128 435 149; x_wconf 73' lang='lat' dir='ltr'><strong>principes</strong></span> <span class='ocrx_word' id='word_1_19' title='bbox 445 127 492 149; x_wconf 77' lang='lat' dir='ltr'><strong>regni</strong></span> <span class='ocrx_word' id='word_1_20' title='bbox 501 127 551 144; x_wconf 85' lang='lat' dir='ltr'><strong>lilium</strong></span> <span class='ocrx_word' id='word_1_21' title='bbox 559 128 612 145; x_wconf 85' lang='lat' dir='ltr'><strong>Hein-</strong></span> 
     </span>
     <span class='ocr_line' id='line_1_4' title="bbox 47 152 612 175; baseline 0 -5"><span class='ocrx_word' id='word_1_22' title='bbox 47 153 74 170; x_wconf 77' lang='lat' dir='ltr'><strong>rici</strong></span> <span class='ocrx_word' id='word_1_23' title='bbox 88 153 193 175; x_wconf 80' lang='lat' dir='ltr'><strong>imperatoris</strong></span> <span class='ocrx_word' id='word_1_24' title='bbox 210 152 292 174; x_wconf 75' lang='lat' dir='ltr'><strong>Rogerum</strong></span> <span class='ocrx_word' id='word_1_25' title='bbox 308 152 355 169; x_wconf 82' lang='lat' dir='ltr'><strong>trium</strong></span> <span class='ocrx_word' id='word_1_26' title='bbox 369 156 458 174; x_wconf 80' lang='lat' dir='ltr'><strong>nouorum,</strong></span> <span class='ocrx_word' id='word_1_27' title='bbox 475 152 502 169; x_wconf 87' lang='lat' dir='ltr'><strong>cui</strong></span> <span class='ocrx_word' id='word_1_28' title='bbox 515 152 612 174; x_wconf 80' lang='lat' dir='ltr'><strong>legatarium</strong></span> 
     </span>
     <span class='ocr_line' id='line_1_5' title="bbox 46 176 575 198; baseline -0.002 -4"><span class='ocrx_word' id='word_1_29' title='bbox 46 177 146 195; x_wconf 85' lang='lat' dir='ltr'><strong>avunculum</strong></span> <span class='ocrx_word' id='word_1_30' title='bbox 155 182 202 194; x_wconf 86' lang='lat' dir='ltr'><strong>snum</strong></span> <span class='ocrx_word' id='word_1_31' title='bbox 212 177 302 198; x_wconf 78' lang='lat' dir='ltr'>Philippum</span> <span class='ocrx_word' id='word_1_32' title='bbox 312 176 371 193; x_wconf 88' lang='lat' dir='ltr'><strong>ducem</strong></span> <span class='ocrx_word' id='word_1_33' title='bbox 384 176 444 193; x_wconf 90' lang='lat' dir='ltr'><strong>Suevie</strong></span> <span class='ocrx_word' id='word_1_34' title='bbox 453 176 536 193; x_wconf 79' lang='lat' dir='ltr'><strong>dederunt</strong></span> <span class='ocrx_word' id='word_1_35' title='bbox 545 190 548 194; x_wconf 84' lang='lat'><strong>.</strong></span> <span class='ocrx_word' id='word_1_36' title='bbox 558 190 562 193; x_wconf 90' lang='lat'><strong>.</strong></span> <span class='ocrx_word' id='word_1_37' title='bbox 571 190 575 193; x_wconf 91' lang='lat'><strong>.</strong></span> 
     </span>
     <span class='ocr_line' id='line_1_6' title="bbox 81 200 612 224; baseline 0 -5"><span class='ocrx_word' id='word_1_38' title='bbox 81 201 133 219; x_wconf 88' lang='lat' dir='ltr'><strong>Anno</strong></span> <span class='ocrx_word' id='word_1_39' title='bbox 146 201 208 219; x_wconf 87' lang='lat' dir='ltr'><strong>domini</strong></span> <span class='ocrx_word' id='word_1_40' title='bbox 220 202 316 218; x_wconf 80' lang='lat' dir='ltr'><strong>m.c.xo.viii.</strong></span> <span class='ocrx_word' id='word_1_41' title='bbox 325 202 362 218; x_wconf 84' lang='lat' dir='ltr'><strong>ortu</strong></span> <span class='ocrx_word' id='word_1_42' title='bbox 369 203 395 218; x_wconf 86' lang='lat' dir='ltr'><strong>est</strong></span> <span class='ocrx_word' id='word_1_43' title='bbox 404 201 460 223; x_wconf 80' lang='lat' dir='ltr'><strong>gravis</strong></span> <span class='ocrx_word' id='word_1_44' title='bbox 470 200 531 218; x_wconf 78' lang='lat' dir='ltr'><strong>seditio</strong></span> <span class='ocrx_word' id='word_1_45' title='bbox 540 206 569 224; x_wconf 85' lang='lat' dir='ltr'><strong>pro</strong></span> <span class='ocrx_word' id='word_1_46' title='bbox 578 202 612 219; x_wconf 84' lang='lat' dir='ltr'><strong>im-</strong></span> 
     </span>
     <span class='ocr_line' id='line_1_7' title="bbox 45 225 612 249; baseline 0 -5"><span class='ocrx_word' id='word_1_47' title='bbox 45 227 101 249; x_wconf 85' lang='lat' dir='ltr'><strong>perio,</strong></span> <span class='ocrx_word' id='word_1_48' title='bbox 116 227 163 248; x_wconf 76' lang='lat' dir='ltr'><strong>regni</strong></span> <span class='ocrx_word' id='word_1_49' title='bbox 175 226 276 248; x_wconf 78' lang='lat' dir='ltr'><strong>principibus</strong></span> <span class='ocrx_word' id='word_1_50' title='bbox 289 226 332 243; x_wconf 81' lang='lat' dir='ltr'><strong>inter</strong></span> <span class='ocrx_word' id='word_1_51' title='bbox 341 230 360 243; x_wconf 88' lang='lat' dir='ltr'><strong>se</strong></span> <span class='ocrx_word' id='word_1_52' title='bbox 369 225 508 243; x_wconf 74' lang='lat' dir='ltr'><strong>discordantibus.</strong></span> <span class='ocrx_word' id='word_1_53' title='bbox 522 226 612 248; x_wconf 79' lang='lat' dir='ltr'><strong>Postquam</strong></span> 
     </span>
     <span class='ocr_line' id='line_1_8' title="bbox 45 250 612 272; baseline -0.002 -4"><span class='ocrx_word' id='word_1_54' title='bbox 45 251 133 268; x_wconf 83' lang='lat' dir='ltr'><strong>Bertoldus</strong></span> <span class='ocrx_word' id='word_1_55' title='bbox 143 250 176 268; x_wconf 86' lang='lat' dir='ltr'><strong>dux</strong></span> <span class='ocrx_word' id='word_1_56' title='bbox 185 251 206 268; x_wconf 87' lang='lat' dir='ltr'><strong>de</strong></span> <span class='ocrx_word' id='word_1_57' title='bbox 216 250 302 272; x_wconf 70' lang='lat' dir='ltr'><strong>Cerenges</strong></span> <span class='ocrx_word' id='word_1_58' title='bbox 311 250 411 268; x_wconf 73' lang='lat' dir='ltr'><strong>electionem</strong></span> <span class='ocrx_word' id='word_1_59' title='bbox 419 255 469 272; x_wconf 75' lang='lat' dir='ltr'><strong>quarn</strong></span> <span class='ocrx_word' id='word_1_60' title='bbox 477 250 535 267; x_wconf 86' lang='lat' dir='ltr'><strong>habuit</strong></span> <span class='ocrx_word' id='word_1_61' title='bbox 541 255 571 272; x_wconf 87' lang='lat' dir='ltr'><strong>per</strong></span> <span class='ocrx_word' id='word_1_62' title='bbox 578 251 612 268; x_wconf 90' lang='lat' dir='ltr'><strong>Co-</strong></span> 
     </span>
     <span class='ocr_line' id='line_1_9' title="bbox 45 275 612 298; baseline 0 -5"><span class='ocrx_word' id='word_1_63' title='bbox 45 276 138 293; x_wconf 80' lang='lat' dir='ltr'><strong>lomensem</strong></span> <span class='ocrx_word' id='word_1_64' title='bbox 146 275 289 297; x_wconf 81' lang='lat' dir='ltr'><strong>arehiepiscopum</strong></span> <span class='ocrx_word' id='word_1_65' title='bbox 298 277 315 292; x_wconf 87' lang='lat' dir='ltr'><strong>et</strong></span> <span class='ocrx_word' id='word_1_66' title='bbox 324 275 397 293; x_wconf 67' lang='lat' dir='ltr'><strong>fautores</strong></span> <span class='ocrx_word' id='word_1_67' title='bbox 407 280 448 292; x_wconf 93' lang='lat' dir='ltr'><strong>suos</strong></span> <span class='ocrx_word' id='word_1_68' title='bbox 455 275 517 297; x_wconf 78' lang='lat' dir='ltr'><strong>reiecit,</strong></span> <span class='ocrx_word' id='word_1_69' title='bbox 526 277 543 292; x_wconf 89' lang='lat' dir='ltr'><strong>et</strong></span> <span class='ocrx_word' id='word_1_70' title='bbox 549 276 566 292; x_wconf 93' lang='lat' dir='ltr'><strong>in</strong></span> <span class='ocrx_word' id='word_1_71' title='bbox 572 280 612 298; x_wconf 83' lang='lat' dir='ltr'><strong>par-</strong></span> 
     </span>
     <span class='ocr_line' id='line_1_10' title="bbox 45 299 611 323; baseline -0.002 -5"><span class='ocrx_word' id='word_1_72' title='bbox 45 302 76 318; x_wconf 82' lang='lat' dir='ltr'><strong>tem</strong></span> <span class='ocrx_word' id='word_1_73' title='bbox 89 300 161 323; x_wconf 86' lang='lat' dir='ltr'><strong>Philippi</strong></span> <span class='ocrx_word' id='word_1_74' title='bbox 176 299 223 318; x_wconf 86' lang='lat' dir='ltr'><strong>ducis</strong></span> <span class='ocrx_word' id='word_1_75' title='bbox 237 300 299 317; x_wconf 79' lang='lat' dir='ltr'><strong>Suevie</strong></span> <span class='ocrx_word' id='word_1_76' title='bbox 315 300 410 322; x_wconf 83' lang='lat' dir='ltr'><strong>consensit,</strong></span> <span class='ocrx_word' id='word_1_77' title='bbox 424 300 560 322; x_wconf 75' lang='lat' dir='ltr'><strong>archiepiscopus</strong></span> <span class='ocrx_word' id='word_1_78' title='bbox 575 305 611 318; x_wconf 86' lang='lat' dir='ltr'><strong>cum</strong></span> 
     </span>
     <span class='ocr_line' id='line_1_11' title="bbox 46 324 612 347; baseline 0 -5"><span class='ocrx_word' id='word_1_79' title='bbox 46 325 139 343; x_wconf 77' lang='lat' dir='ltr'><strong>[autoribus</strong></span> <span class='ocrx_word' id='word_1_80' title='bbox 152 325 196 347; x_wconf 89' lang='lat' dir='ltr'><strong>suis,</strong></span> <span class='ocrx_word' id='word_1_81' title='bbox 209 326 270 342; x_wconf 78' lang='lat' dir='ltr'><strong>comite</strong></span> <span class='ocrx_word' id='word_1_82' title='bbox 281 324 359 342; x_wconf 86' lang='lat' dir='ltr'><strong>Flandrie</strong></span> <span class='ocrx_word' id='word_1_83' title='bbox 368 327 384 342; x_wconf 86' lang='lat' dir='ltr'><strong>et</strong></span> <span class='ocrx_word' id='word_1_84' title='bbox 393 326 453 342; x_wconf 79' lang='lat' dir='ltr'><strong>ceteris</strong></span> <span class='ocrx_word' id='word_1_85' title='bbox 462 324 544 347; x_wconf 83' lang='lat' dir='ltr'><strong>plurimis,</strong></span> <span class='ocrx_word' id='word_1_86' title='bbox 557 325 612 342; x_wconf 85' lang='lat' dir='ltr'><strong>eomi-</strong></span> 
     </span>
     <span class='ocr_line' id='line_1_12' title="bbox 45 349 612 372; baseline -0.002 -5"><span class='ocrx_word' id='word_1_87' title='bbox 45 352 77 367; x_wconf 86' lang='lat' dir='ltr'><strong>tem</strong></span> <span class='ocrx_word' id='word_1_88' title='bbox 86 350 207 367; x_wconf 74' lang='lat' dir='ltr'><strong>Pictaviensem</strong></span> <span class='ocrx_word' id='word_1_89' title='bbox 220 350 287 367; x_wconf 89' lang='lat' dir='ltr'><strong>nomine</strong></span> <span class='ocrx_word' id='word_1_90' title='bbox 297 349 383 372; x_wconf 80' lang='lat' dir='ltr'><strong>Ottonem,</strong></span> <span class='ocrx_word' id='word_1_91' title='bbox 396 349 446 367; x_wconf 80' lang='lat' dir='ltr'><strong>fllium</strong></span> <span class='ocrx_word' id='word_1_92' title='bbox 456 349 503 366; x_wconf 89' lang='lat' dir='ltr'><strong>ducis</strong></span> <span class='ocrx_word' id='word_1_93' title='bbox 513 349 586 367; x_wconf 84' lang='lat' dir='ltr'><strong>Saxonie</strong></span> <span class='ocrx_word' id='word_1_94' title='bbox 595 352 612 367; x_wconf 88' lang='lat' dir='ltr'><strong>et</strong></span> 
     </span>
     <span class='ocr_line' id='line_1_13' title="bbox 46 373 611 397; baseline 0 -5"><span class='ocrx_word' id='word_1_95' title='bbox 46 374 95 392; x_wconf 77' lang='lat' dir='ltr'><strong>tilium</strong></span> <span class='ocrx_word' id='word_1_96' title='bbox 108 375 172 391; x_wconf 87' lang='lat' dir='ltr'><strong>sororis</strong></span> <span class='ocrx_word' id='word_1_97' title='bbox 186 375 230 396; x_wconf 74' lang='lat' dir='ltr'><strong>regis</strong></span> <span class='ocrx_word' id='word_1_98' title='bbox 243 373 312 396; x_wconf 75' lang='lat' dir='ltr'><strong>Anglie,</strong></span> <span class='ocrx_word' id='word_1_99' title='bbox 326 374 384 391; x_wconf 79' lang='lat' dir='ltr'><strong>iterum</strong></span> <span class='ocrx_word' id='word_1_100' title='bbox 396 374 450 397; x_wconf 77' lang='lat' dir='ltr'><strong>eligit,</strong></span> <span class='ocrx_word' id='word_1_101' title='bbox 464 376 481 391; x_wconf 87' lang='lat' dir='ltr'><strong>et</strong></span> <span class='ocrx_word' id='word_1_102' title='bbox 493 375 511 391; x_wconf 87' lang='lat' dir='ltr'><strong>ut</strong></span> <span class='ocrx_word' id='word_1_103' title='bbox 520 375 611 396; x_wconf 81' lang='lat' dir='ltr'><strong>episeopus</strong></span> 
     </span>
     <span class='ocr_line' id='line_1_14' title="bbox 45 399 611 421; baseline 0 -5"><span class='ocrx_word' id='word_1_104' title='bbox 45 399 146 416; x_wconf 82' lang='lat' dir='ltr'><strong>Leodiensis</strong></span> <span class='ocrx_word' id='word_1_105' title='bbox 155 399 172 416; x_wconf 87' lang='lat' dir='ltr'><strong>iu</strong></span> <span class='ocrx_word' id='word_1_106' title='bbox 181 401 244 421; x_wconf 86' lang='lat' dir='ltr'><strong>partem</strong></span> <span class='ocrx_word' id='word_1_107' title='bbox 255 399 292 416; x_wconf 86' lang='lat' dir='ltr'><strong>eius</strong></span> <span class='ocrx_word' id='word_1_108' title='bbox 303 400 397 416; x_wconf 76' lang='lat' dir='ltr'><strong>consentiat</strong></span> <span class='ocrx_word' id='word_1_109' title='bbox 405 399 447 416; x_wconf 81' lang='lat' dir='ltr'><strong>infra</strong></span> <span class='ocrx_word' id='word_1_110' title='bbox 456 399 493 416; x_wconf 93' lang='lat' dir='ltr'><strong>dies</strong></span> <span class='ocrx_word' id='word_1_111' title='bbox 503 400 611 421; x_wconf 74' lang='lat' dir='ltr'><strong>pentecostes</strong></span> 
     </span>
     <span class='ocr_line' id='line_1_15' title="bbox 46 423 611 447; baseline -0.002 -6"><span class='ocrx_word' id='word_1_112' title='bbox 46 423 86 447; x_wconf 86' lang='lat' dir='ltr'><strong>[mai</strong></span> <span class='ocrx_word' id='word_1_113' title='bbox 97 423 129 447; x_wconf 80' lang='lat'><strong>1⁷]</strong></span> <span class='ocrx_word' id='word_1_114' title='bbox 143 428 180 441; x_wconf 89' lang='lat' dir='ltr'><strong>eum</strong></span> <span class='ocrx_word' id='word_1_115' title='bbox 192 423 273 440; x_wconf 86' lang='lat' dir='ltr'><strong>Leodium</strong></span> <span class='ocrx_word' id='word_1_116' title='bbox 282 423 354 441; x_wconf 88' lang='lat' dir='ltr'><strong>adducit.</strong></span> <span class='ocrx_word' id='word_1_117' title='bbox 368 423 402 441; x_wconf 85' lang='lat' dir='ltr'><strong>Sed</strong></span> <span class='ocrx_word' id='word_1_118' title='bbox 412 424 502 445; x_wconf 85' lang='lat' dir='ltr'><strong>episcopus</strong></span> <span class='ocrx_word' id='word_1_119' title='bbox 511 428 543 440; x_wconf 83' lang='lat' dir='ltr'><strong>nec</strong></span> <span class='ocrx_word' id='word_1_120' title='bbox 552 428 611 440; x_wconf 87' lang='lat' dir='ltr'><strong>mune-</strong></span> 
     </span>
     <span class='ocr_line' id='line_1_16' title="bbox 46 448 611 470; baseline 0 -5"><span class='ocrx_word' id='word_1_121' title='bbox 46 449 89 466; x_wconf 84' lang='lat' dir='ltr'><strong>rihus</strong></span> <span class='ocrx_word' id='word_1_122' title='bbox 99 453 131 466; x_wconf 86' lang='lat' dir='ltr'><strong>nec</strong></span> <span class='ocrx_word' id='word_1_123' title='bbox 139 448 217 470; x_wconf 84' lang='lat' dir='ltr'><strong>precibus</strong></span> <span class='ocrx_word' id='word_1_124' title='bbox 226 448 280 470; x_wconf 76' lang='lat' dir='ltr'><strong>frangi</strong></span> <span class='ocrx_word' id='word_1_125' title='bbox 289 449 347 470; x_wconf 87' lang='lat' dir='ltr'><strong>potuit.</strong></span> <span class='ocrx_word' id='word_1_126' title='bbox 360 448 445 465; x_wconf 86' lang='lat' dir='ltr'><strong>Predictus</strong></span> <span class='ocrx_word' id='word_1_127' title='bbox 455 450 510 465; x_wconf 86' lang='lat' dir='ltr'><strong>autem</strong></span> <span class='ocrx_word' id='word_1_128' title='bbox 519 448 611 470; x_wconf 77' lang='lat' dir='ltr'><strong>arehiepis—</strong></span> 
     </span>
     <span class='ocr_line' id='line_1_17' title="bbox 45 473 610 495; baseline -0.002 -5"><span class='ocrx_word' id='word_1_129' title='bbox 45 478 97 495; x_wconf 80' lang='lat' dir='ltr'><strong>oopus</strong></span> <span class='ocrx_word' id='word_1_130' title='bbox 106 477 144 490; x_wconf 89' lang='lat' dir='ltr'><strong>eum</strong></span> <span class='ocrx_word' id='word_1_131' title='bbox 153 473 239 490; x_wconf 88' lang='lat' dir='ltr'><strong>Coloniam</strong></span> <span class='ocrx_word' id='word_1_132' title='bbox 250 473 324 495; x_wconf 82' lang='lat' dir='ltr'><strong>deduxit,</strong></span> <span class='ocrx_word' id='word_1_133' title='bbox 336 474 353 490; x_wconf 86' lang='lat' dir='ltr'><strong>et</strong></span> <span class='ocrx_word' id='word_1_134' title='bbox 363 478 373 490; x_wconf 95' lang='lat' dir='ltr'><strong>a</strong></span> <span class='ocrx_word' id='word_1_135' title='bbox 383 473 512 490; x_wconf 82' lang='lat' dir='ltr'><strong>Coloniensihus</strong></span> <span class='ocrx_word' id='word_1_136' title='bbox 520 473 610 490; x_wconf 79' lang='lat' dir='ltr'><strong>honorifice</strong></span> 
     </span>
     <span class='ocr_line' id='line_1_18' title="bbox 45 496 610 520; baseline -0.002 -5"><span class='ocrx_word' id='word_1_137' title='bbox 45 500 69 515; x_wconf 84' lang='lat' dir='ltr'><strong>est</strong></span> <span class='ocrx_word' id='word_1_138' title='bbox 78 499 174 520; x_wconf 79' lang='lat' dir='ltr'><strong>susceptus.</strong></span> <span class='ocrx_word' id='word_1_139' title='bbox 184 497 291 519; x_wconf 77' lang='lat' dir='ltr'><strong>congregato</strong></span> <span class='ocrx_word' id='word_1_140' title='bbox 296 498 352 520; x_wconf 80' lang='lat' dir='ltr'><strong>itaque</strong></span> <span class='ocrx_word' id='word_1_141' title='bbox 361 498 435 515; x_wconf 83' lang='lat' dir='ltr'><strong>exercitu</strong></span> <span class='ocrx_word' id='word_1_142' title='bbox 441 497 520 520; x_wconf 88' lang='lat' dir='ltr'><strong>oppidum</strong></span> <span class='ocrx_word' id='word_1_143' title='bbox 525 496 610 520; x_wconf 71' lang='lat' dir='ltr'><strong>Aquense,</strong></span> 
     </span>
     <span class='ocr_line' id='line_1_19' title="bbox 46 546 611 570; baseline -0.002 -6"><span class='ocrx_word' id='word_1_144' title='bbox 46 546 89 570; x_wconf 88' lang='lat' dir='ltr'><strong>[iuni</strong></span> <span class='ocrx_word' id='word_1_145' title='bbox 104 546 146 570; x_wconf 79' lang='lat'><strong>18],</strong></span> <span class='ocrx_word' id='word_1_146' title='bbox 162 547 190 564; x_wconf 86' lang='lat' dir='ltr'><strong>uhi</strong></span> <span class='ocrx_word' id='word_1_147' title='bbox 208 551 252 564; x_wconf 82' lang='lat' dir='ltr'><strong>cxxx</strong></span> <span class='ocrx_word' id='word_1_148' title='bbox 264 547 314 564; x_wconf 80' lang='lat' dir='ltr'><strong>millia</strong></span> <span class='ocrx_word' id='word_1_149' title='bbox 329 548 441 569; x_wconf 74' lang='lat' dir='ltr'><strong>pugnatorum</strong></span> <span class='ocrx_word' id='word_1_150' title='bbox 456 547 514 564; x_wconf 71' lang='lat' dir='ltr'><strong>dieitur</strong></span> <span class='ocrx_word' id='word_1_151' title='bbox 527 546 611 569; x_wconf 81' lang='lat' dir='ltr'><strong>habuisse,</strong></span> 
     </span>
     <span class='ocr_line' id='line_1_20' title="bbox 45 571 611 594; baseline 0 -6"><span class='ocrx_word' id='word_1_152' title='bbox 45 572 154 594; x_wconf 77' lang='lat' dir='ltr'><strong>Aquensibus</strong></span> <span class='ocrx_word' id='word_1_153' title='bbox 163 571 230 588; x_wconf 86' lang='lat' dir='ltr'><strong>viriliter</strong></span> <span class='ocrx_word' id='word_1_154' title='bbox 236 572 353 589; x_wconf 80' lang='lat' dir='ltr'><strong>resistentibus</strong></span> <span class='ocrx_word' id='word_1_155' title='bbox 361 574 378 589; x_wconf 84' lang='lat' dir='ltr'><strong>et</strong></span> <span class='ocrx_word' id='word_1_156' title='bbox 384 572 464 594; x_wconf 87' lang='lat' dir='ltr'><strong>plurimos</strong></span> <span class='ocrx_word' id='word_1_157' title='bbox 473 576 494 589; x_wconf 86' lang='lat' dir='ltr'><strong>ex</strong></span> <span class='ocrx_word' id='word_1_158' title='bbox 503 573 550 593; x_wconf 85' lang='lat' dir='ltr'><strong>parte</strong></span> <span class='ocrx_word' id='word_1_159' title='bbox 558 572 611 593; x_wconf 89' lang='lat' dir='ltr'><strong>ipsius</strong></span> 
     </span>
     <span class='ocr_line' id='line_1_21' title="bbox 45 596 611 619; baseline 0 -6"><span class='ocrx_word' id='word_1_160' title='bbox 45 601 73 619; x_wconf 86' lang='lat' dir='ltr'><strong>per</strong></span> <span class='ocrx_word' id='word_1_161' title='bbox 85 596 184 618; x_wconf 72' lang='lat' dir='ltr'><strong>sagittarios</strong></span> <span class='ocrx_word' id='word_1_162' title='bbox 196 596 337 613; x_wconf 55' lang='lat' dir='ltr'><strong>interficientibus⁴</strong></span> <span class='ocrx_word' id='word_1_163' title='bbox 353 596 479 618; x_wconf 81' lang='lat' dir='ltr'><strong>Exspectabant</strong></span> <span class='ocrx_word' id='word_1_164' title='bbox 493 598 548 613; x_wconf 86' lang='lat' dir='ltr'><strong>autem</strong></span> <span class='ocrx_word' id='word_1_165' title='bbox 561 596 611 613; x_wconf 79' lang='lat' dir='ltr'><strong>auxi-</strong></span> 
     </span>
     <span class='ocr_line' id='line_1_22' title="bbox 45 620 610 643; baseline -0.002 -5"><span class='ocrx_word' id='word_1_166' title='bbox 45 621 83 638; x_wconf 88' lang='lat' dir='ltr'><strong>lium</strong></span> <span class='ocrx_word' id='word_1_167' title='bbox 95 621 143 638; x_wconf 84' lang='lat' dir='ltr'><strong>ducis</strong></span> <span class='ocrx_word' id='word_1_168' title='bbox 156 621 225 643; x_wconf 83' lang='lat' dir='ltr'><strong>Sucvie,</strong></span> <span class='ocrx_word' id='word_1_169' title='bbox 239 621 268 643; x_wconf 81' lang='lat' dir='ltr'><strong>qui</strong></span> <span class='ocrx_word' id='word_1_170' title='bbox 279 625 313 638; x_wconf 89' lang='lat' dir='ltr'><strong>non</strong></span> <span class='ocrx_word' id='word_1_171' title='bbox 325 622 372 638; x_wconf 86' lang='lat' dir='ltr'><strong>venit</strong></span> <span class='ocrx_word' id='word_1_172' title='bbox 380 625 412 638; x_wconf 85' lang='lat' dir='ltr'><strong>nec</strong></span> <span class='ocrx_word' id='word_1_173' title='bbox 421 621 445 638; x_wconf 80' lang='lat' dir='ltr'><strong>eis</strong></span> <span class='ocrx_word' id='word_1_174' title='bbox 455 620 523 643; x_wconf 79' lang='lat' dir='ltr'><strong>aliquod</strong></span> <span class='ocrx_word' id='word_1_175' title='bbox 532 621 610 638; x_wconf 83' lang='lat' dir='ltr'><strong>auxilium</strong></span> 
     </span>
     <span class='ocr_line' id='line_1_23' title="bbox 44 644 611 669; baseline -0.002 -6"><span class='ocrx_word' id='word_1_176' title='bbox 44 646 139 663; x_wconf 82' lang='lat' dir='ltr'><strong>destinavit.</strong></span> <span class='ocrx_word' id='word_1_177' title='bbox 157 646 214 667; x_wconf 73' lang='lat' dir='ltr'><strong>ltaque</strong></span> <span class='ocrx_word' id='word_1_178' title='bbox 227 646 265 663; x_wconf 91' lang='lat' dir='ltr'><strong>idus</strong></span> <span class='ocrx_word' id='word_1_179' title='bbox 277 645 312 662; x_wconf 91' lang='lat' dir='ltr'><strong>iulii</strong></span> <span class='ocrx_word' id='word_1_180' title='bbox 326 644 364 668; x_wconf 90' lang='lat' dir='ltr'><strong>[iuli</strong></span> <span class='ocrx_word' id='word_1_181' title='bbox 378 645 410 669; x_wconf 84' lang='lat'><strong>15]</strong></span> <span class='ocrx_word' id='word_1_182' title='bbox 423 650 442 662; x_wconf 87' lang='lat' dir='ltr'><strong>se</strong></span> <span class='ocrx_word' id='word_1_183' title='bbox 455 646 471 662; x_wconf 96' lang='lat' dir='ltr'><strong>in</strong></span> <span class='ocrx_word' id='word_1_184' title='bbox 483 650 542 662; x_wconf 87' lang='lat' dir='ltr'><strong>manus</strong></span> <span class='ocrx_word' id='word_1_185' title='bbox 551 645 611 667; x_wconf 75' lang='lat' dir='ltr'><strong>prefati</strong></span> 
     </span>
     <span class='ocr_line' id='line_1_24' title="bbox 45 669 610 693; baseline -0.002 -5"><span class='ocrx_word' id='word_1_186' title='bbox 45 670 111 688; x_wconf 71' lang='lat' dir='ltr'><strong>Ottonis</strong></span> <span class='ocrx_word' id='word_1_187' title='bbox 121 669 236 693; x_wconf 80' lang='lat' dir='ltr'><strong>reddiderunt,</strong></span> <span class='ocrx_word' id='word_1_188' title='bbox 246 672 263 687; x_wconf 91' lang='lat' dir='ltr'><strong>et</strong></span> <span class='ocrx_word' id='word_1_189' title='bbox 271 672 328 692; x_wconf 85' lang='lat' dir='ltr'><strong>portas</strong></span> <span class='ocrx_word' id='word_1_190' title='bbox 338 670 395 692; x_wconf 82' lang='lat' dir='ltr'><strong>oppidi</strong></span> <span class='ocrx_word' id='word_1_191' title='bbox 404 671 419 687; x_wconf 89' lang='lat' dir='ltr'><strong>ei</strong></span> <span class='ocrx_word' id='word_1_192' title='bbox 428 671 534 692; x_wconf 81' lang='lat' dir='ltr'><strong>aperuerunt,</strong></span> <span class='ocrx_word' id='word_1_193' title='bbox 544 671 561 687; x_wconf 75' lang='lat' dir='ltr'><strong>et</strong></span> <span class='ocrx_word' id='word_1_194' title='bbox 573 674 610 687; x_wconf 86' lang='lat' dir='ltr'><strong>eum</strong></span> 
     </span>
     <span class='ocr_line' id='line_1_25' title="bbox 45 694 610 717; baseline -0.002 -5"><span class='ocrx_word' id='word_1_195' title='bbox 45 696 88 712; x_wconf 85' lang='lat' dir='ltr'><strong>sicut</strong></span> <span class='ocrx_word' id='word_1_196' title='bbox 100 700 157 717; x_wconf 78' lang='lat' dir='ltr'><strong>regem</strong></span> <span class='ocrx_word' id='word_1_197' title='bbox 170 697 285 717; x_wconf 77' lang='lat' dir='ltr'><strong>susceperunt.</strong></span> <span class='ocrx_word' id='word_1_198' title='bbox 297 695 318 712; x_wconf 85' lang='lat' dir='ltr'><strong>Et</strong></span> <span class='ocrx_word' id='word_1_199' title='bbox 329 695 346 712; x_wconf 88' lang='lat' dir='ltr'><strong>in</strong></span> <span class='ocrx_word' id='word_1_200' title='bbox 356 695 435 712; x_wconf 76' lang='lat' dir='ltr'><strong>cathedra</strong></span> <span class='ocrx_word' id='word_1_201' title='bbox 445 695 497 716; x_wconf 77' lang='lat' dir='ltr'><strong>regali</strong></span> <span class='ocrx_word' id='word_1_202' title='bbox 507 694 551 712; x_wconf 89' lang='lat' dir='ltr'><strong>sedit</strong></span> <span class='ocrx_word' id='word_1_203' title='bbox 559 699 610 711; x_wconf 88' lang='lat' dir='ltr'><strong>coro-</strong></span> 
     </span>
     <span class='ocr_line' id='line_1_26' title="bbox 44 719 610 742; baseline -0.002 -5"><span class='ocrx_word' id='word_1_204' title='bbox 44 722 102 742; x_wconf 86' lang='lat' dir='ltr'><strong>natus,</strong></span> <span class='ocrx_word' id='word_1_205' title='bbox 116 721 133 737; x_wconf 83' lang='lat' dir='ltr'><strong>et</strong></span> <span class='ocrx_word' id='word_1_206' title='bbox 146 720 201 737; x_wconf 77' lang='lat' dir='ltr'><strong>omnia</strong></span> <span class='ocrx_word' id='word_1_207' title='bbox 213 720 249 737; x_wconf 79' lang='lat' dir='ltr'><strong>iura</strong></span> <span class='ocrx_word' id='word_1_208' title='bbox 261 724 294 742; x_wconf 76' lang='lat' dir='ltr'><strong>quo</strong></span> <span class='ocrx_word' id='word_1_209' title='bbox 305 720 342 741; x_wconf 77' lang='lat' dir='ltr'><strong>regi</strong></span> <span class='ocrx_word' id='word_1_210' title='bbox 355 719 437 737; x_wconf 74' lang='lat' dir='ltr'><strong>debentur</strong></span> <span class='ocrx_word' id='word_1_211' title='bbox 449 721 476 737; x_wconf 80' lang='lat' dir='ltr'><strong>est</strong></span> <span class='ocrx_word' id='word_1_212' title='bbox 484 719 560 741; x_wconf 88' lang='lat' dir='ltr'><strong>adeptus.</strong></span> <span class='ocrx_word' id='word_1_213' title='bbox 578 719 610 736; x_wconf 86' lang='lat' dir='ltr'><strong>Se-</strong></span> 
     </span>
     <span class='ocr_line' id='line_1_27' title="bbox 45 744 610 767; baseline 0 -6"><span class='ocrx_word' id='word_1_214' title='bbox 45 745 101 767; x_wconf 79' lang='lat' dir='ltr'><strong>quenti</strong></span> <span class='ocrx_word' id='word_1_215' title='bbox 114 746 169 761; x_wconf 88' lang='lat' dir='ltr'><strong>autem</strong></span> <span class='ocrx_word' id='word_1_216' title='bbox 183 744 210 761; x_wconf 89' lang='lat' dir='ltr'><strong>die</strong></span> <span class='ocrx_word' id='word_1_217' title='bbox 224 744 273 761; x_wconf 83' lang='lat' dir='ltr'><strong>tiliam</strong></span> <span class='ocrx_word' id='word_1_218' title='bbox 287 744 334 761; x_wconf 86' lang='lat' dir='ltr'><strong>ducis</strong></span> <span class='ocrx_word' id='word_1_219' title='bbox 347 744 422 761; x_wconf 77' lang='lat' dir='ltr'><strong>Levanie</strong></span> <span class='ocrx_word' id='word_1_220' title='bbox 431 744 550 766; x_wconf 79' lang='lat' dir='ltr'><strong>desponsavit,</strong></span> <span class='ocrx_word' id='word_1_221' title='bbox 564 745 610 766; x_wconf 81' lang='lat' dir='ltr'><strong>patre</strong></span> 
     </span>
     <span class='ocr_line' id='line_1_28' title="bbox 44 769 611 791; baseline -0.002 -5"><span class='ocrx_word' id='word_1_222' title='bbox 44 770 96 791; x_wconf 90' lang='lat' dir='ltr'><strong>ipsius</strong></span> <span class='ocrx_word' id='word_1_223' title='bbox 109 769 165 791; x_wconf 89' lang='lat' dir='ltr'><strong>puelle</strong></span> <span class='ocrx_word' id='word_1_224' title='bbox 177 769 194 786; x_wconf 88' lang='lat' dir='ltr'><strong>in</strong></span> <span class='ocrx_word' id='word_1_225' title='bbox 207 769 276 790; x_wconf 79' lang='lat' dir='ltr'><strong>negotio</strong></span> <span class='ocrx_word' id='word_1_226' title='bbox 288 769 374 786; x_wconf 81' lang='lat' dir='ltr'><strong>orientalis</strong></span> <span class='ocrx_word' id='word_1_227' title='bbox 384 769 455 786; x_wconf 79' lang='lat' dir='ltr'><strong>ecclesie</strong></span> <span class='ocrx_word' id='word_1_228' title='bbox 465 769 553 786; x_wconf 72' lang='lat' dir='ltr'><strong>efficaciter</strong></span> <span class='ocrx_word' id='word_1_229' title='bbox 562 773 611 785; x_wconf 87' lang='lat' dir='ltr'><strong>com-</strong></span> 
     </span>
     <span class='ocr_line' id='line_1_29' title="bbox 44 793 610 815; baseline -0.002 -4"><span class='ocrx_word' id='word_1_230' title='bbox 44 796 119 811; x_wconf 81' lang='lat' dir='ltr'><strong>morante</strong></span> <span class='ocrx_word' id='word_1_231' title='bbox 132 795 149 811; x_wconf 88' lang='lat' dir='ltr'><strong>et</strong></span> <span class='ocrx_word' id='word_1_232' title='bbox 162 794 193 811; x_wconf 80' lang='lat' dir='ltr'><strong>heo</strong></span> <span class='ocrx_word' id='word_1_233' title='bbox 206 794 260 811; x_wconf 74' lang='lat' dir='ltr'><strong>omnia</strong></span> <span class='ocrx_word' id='word_1_234' title='bbox 272 794 366 815; x_wconf 72' lang='lat' dir='ltr'><strong>ignorante.</strong></span> <span class='ocrx_word' id='word_1_235' title='bbox 378 794 473 815; x_wconf 85' lang='lat' dir='ltr'><strong>Episcopus</strong></span> <span class='ocrx_word' id='word_1_236' title='bbox 484 793 584 810; x_wconf 77' lang='lat' dir='ltr'><strong>Leodiensis</strong></span> <span class='ocrx_word' id='word_1_237' title='bbox 593 794 610 810; x_wconf 90' lang='lat' dir='ltr'><strong>in</strong></span> 
     </span>
     <span class='ocr_line' id='line_1_30' title="bbox 43 817 610 840; baseline -0.002 -5"><span class='ocrx_word' id='word_1_238' title='bbox 43 818 119 836; x_wconf 81' lang='lat' dir='ltr'><strong>Hoiense</strong></span> <span class='ocrx_word' id='word_1_239' title='bbox 132 820 204 835; x_wconf 83' lang='lat' dir='ltr'><strong>castrum</strong></span> <span class='ocrx_word' id='word_1_240' title='bbox 216 823 234 835; x_wconf 86' lang='lat' dir='ltr'><strong>sc</strong></span> <span class='ocrx_word' id='word_1_241' title='bbox 248 818 338 840; x_wconf 75' lang='lat' dir='ltr'><strong>transtulit,</strong></span> <span class='ocrx_word' id='word_1_242' title='bbox 352 822 384 835; x_wconf 73' lang='lat' dir='ltr'><strong>nec</strong></span> <span class='ocrx_word' id='word_1_243' title='bbox 396 818 411 835; x_wconf 85' lang='lat' dir='ltr'><strong>ei</strong></span> <span class='ocrx_word' id='word_1_244' title='bbox 424 818 479 835; x_wconf 82' lang='lat' dir='ltr'><strong>adhuc</strong></span> <span class='ocrx_word' id='word_1_245' title='bbox 491 818 547 839; x_wconf 78' lang='lat' dir='ltr'><strong>aliquo</strong></span> <span class='ocrx_word' id='word_1_246' title='bbox 560 817 610 834; x_wconf 86' lang='lat' dir='ltr'><strong>modo</strong></span> 
     </span>
     <span class='ocr_line' id='line_1_31' title="bbox 44 841 609 864; baseline -0.004 -4"><span class='ocrx_word' id='word_1_247' title='bbox 44 844 140 860; x_wconf 82' lang='lat' dir='ltr'><strong>consentire</strong></span> <span class='ocrx_word' id='word_1_248' title='bbox 152 843 208 860; x_wconf 85' lang='lat' dir='ltr'><strong>voluit.</strong></span> <span class='ocrx_word' id='word_1_249' title='bbox 218 856 221 859; x_wconf 99' lang='lat'><strong>.</strong></span> <span class='ocrx_word' id='word_1_250' title='bbox 231 856 234 859; x_wconf 92' lang='lat'><strong>.</strong></span> <span class='ocrx_word' id='word_1_251' title='bbox 244 856 247 860; x_wconf 84' lang='lat'><strong>.</strong></span> <span class='ocrx_word' id='word_1_252' title='bbox 265 842 312 860; x_wconf 81' lang='lat' dir='ltr'><strong>Circa</strong></span> <span class='ocrx_word' id='word_1_253' title='bbox 326 843 386 859; x_wconf 80' lang='lat' dir='ltr'><strong>festum</strong></span> <span class='ocrx_word' id='word_1_254' title='bbox 396 843 449 860; x_wconf 88' lang='lat' dir='ltr'><strong>sancti</strong></span> <span class='ocrx_word' id='word_1_255' title='bbox 458 842 527 863; x_wconf 77' lang='lat' dir='ltr'><strong>Remigii</strong></span> <span class='ocrx_word' id='word_1_256' title='bbox 538 841 579 864; x_wconf 81' lang='lat' dir='ltr'><strong>[oet.</strong></span> <span class='ocrx_word' id='word_1_257' title='bbox 590 841 609 864; x_wconf 85' lang='lat'><strong>¹]</strong></span> 
     </span>
     <span class='ocr_line' id='line_1_32' title="bbox 44 866 610 890; baseline -0.004 -5"><span class='ocrx_word' id='word_1_258' title='bbox 44 868 130 890; x_wconf 81' lang='lat' dir='ltr'><strong>Philippus</strong></span> <span class='ocrx_word' id='word_1_259' title='bbox 139 867 173 885; x_wconf 84' lang='lat' dir='ltr'><strong>dux</strong></span> <span class='ocrx_word' id='word_1_260' title='bbox 182 867 243 884; x_wconf 86' lang='lat' dir='ltr'><strong>Suevie</strong></span> <span class='ocrx_word' id='word_1_261' title='bbox 254 867 339 889; x_wconf 80' lang='lat' dir='ltr'><strong>Moguntie</strong></span> <span class='ocrx_word' id='word_1_262' title='bbox 349 872 385 884; x_wconf 90' lang='lat' dir='ltr'><strong>cum</strong></span> <span class='ocrx_word' id='word_1_263' title='bbox 397 872 448 884; x_wconf 85' lang='lat' dir='ltr'><strong>uxore</strong></span> <span class='ocrx_word' id='word_1_264' title='bbox 461 868 550 884; x_wconf 82' lang='lat' dir='ltr'><strong>coronatur</strong></span> <span class='ocrx_word' id='word_1_265' title='bbox 554 879 559 889; x_wconf 80' lang='lat'><strong>,</strong></span> <span class='ocrx_word' id='word_1_266' title='bbox 572 866 610 883; x_wconf 88' lang='lat' dir='ltr'><strong>duci</strong></span> 
     </span>
     <span class='ocr_line' id='line_1_33' title="bbox 44 891 610 914; baseline -0.004 -5"><span class='ocrx_word' id='word_1_267' title='bbox 44 892 124 910; x_wconf 85' lang='lat' dir='ltr'><strong>Bohemie</strong></span> <span class='ocrx_word' id='word_1_268' title='bbox 133 892 206 914; x_wconf 83' lang='lat' dir='ltr'><strong>regalem</strong></span> <span class='ocrx_word' id='word_1_269' title='bbox 215 897 295 909; x_wconf 85' lang='lat' dir='ltr'><strong>eoronam</strong></span> <span class='ocrx_word' id='word_1_270' title='bbox 305 892 383 914; x_wconf 82' lang='lat' dir='ltr'><strong>imponit,</strong></span> <span class='ocrx_word' id='word_1_271' title='bbox 393 893 409 909; x_wconf 86' lang='lat' dir='ltr'><strong>et</strong></span> <span class='ocrx_word' id='word_1_272' title='bbox 416 892 506 909; x_wconf 83' lang='lat' dir='ltr'><strong>exercitum</strong></span> <span class='ocrx_word' id='word_1_273' title='bbox 513 891 610 908; x_wconf 82' lang='lat' dir='ltr'><strong>innumera-</strong></span> 
     </span>
     <span class='ocr_line' id='line_1_34' title="bbox 44 916 610 939; baseline -0.004 -5"><span class='ocrx_word' id='word_1_274' title='bbox 44 917 94 934; x_wconf 83' lang='lat' dir='ltr'><strong>bilem</strong></span> <span class='ocrx_word' id='word_1_275' title='bbox 106 921 214 939; x_wconf 73' lang='lat' dir='ltr'><strong>congregans</strong></span> <span class='ocrx_word' id='word_1_276' title='bbox 225 917 314 934; x_wconf 81' lang='lat' dir='ltr'><strong>Mosellam</strong></span> <span class='ocrx_word' id='word_1_277' title='bbox 325 917 409 939; x_wconf 73' lang='lat' dir='ltr'><strong>transivit,</strong></span> <span class='ocrx_word' id='word_1_278' title='bbox 418 921 450 939; x_wconf 87' lang='lat' dir='ltr'><strong>que</strong></span> <span class='ocrx_word' id='word_1_279' title='bbox 461 921 489 938; x_wconf 91' lang='lat' dir='ltr'><strong>pre</strong></span> <span class='ocrx_word' id='word_1_280' title='bbox 497 916 610 936; x_wconf 67' lang='lat' dir='ltr'><strong>siccitatem*-</strong></span> 
     </span>
     <span class='ocr_line' id='line_1_35' title="bbox 44 940 609 964; baseline -0.004 -5"><span class='ocrx_word' id='word_1_281' title='bbox 44 942 84 964; x_wconf 80' lang='lat' dir='ltr'><strong>mia,</strong></span> <span class='ocrx_word' id='word_1_282' title='bbox 97 942 152 964; x_wconf 74' lang='lat' dir='ltr'><strong>qualis</strong></span> <span class='ocrx_word' id='word_1_283' title='bbox 166 943 204 959; x_wconf 76' lang='lat' dir='ltr'><strong>ante</strong></span> <span class='ocrx_word' id='word_1_284' title='bbox 216 943 282 959; x_wconf 83' lang='lat' dir='ltr'><strong>eentum</strong></span> <span class='ocrx_word' id='word_1_285' title='bbox 292 946 345 958; x_wconf 89' lang='lat' dir='ltr'><strong>annos</strong></span> <span class='ocrx_word' id='word_1_286' title='bbox 355 946 389 958; x_wconf 93' lang='lat' dir='ltr'><strong>non</strong></span> <span class='ocrx_word' id='word_1_287' title='bbox 399 941 436 963; x_wconf 82' lang='lat' dir='ltr'><strong>suit,</strong></span> <span class='ocrx_word' id='word_1_288' title='bbox 446 941 531 958; x_wconf 86' lang='lat' dir='ltr'><strong>transitum</strong></span> <span class='ocrx_word' id='word_1_289' title='bbox 541 940 609 957; x_wconf 88' lang='lat' dir='ltr'><strong>liberum</strong></span> 
     </span>
     <span class='ocr_line' id='line_1_36' title="bbox 43 965 609 988; baseline -0.002 -5"><span class='ocrx_word' id='word_1_290' title='bbox 43 966 114 988; x_wconf 79' lang='lat' dir='ltr'><strong>prebuit.</strong></span> <span class='ocrx_word' id='word_1_291' title='bbox 126 966 245 983; x_wconf 84' lang='lat' dir='ltr'><strong>Andernacum</strong></span> <span class='ocrx_word' id='word_1_292' title='bbox 256 966 346 983; x_wconf 81' lang='lat' dir='ltr'><strong>succendit.</strong></span> <span class='ocrx_word' id='word_1_293' title='bbox 360 965 399 983; x_wconf 77' lang='lat' dir='ltr'><strong>Otto</strong></span> <span class='ocrx_word' id='word_1_294' title='bbox 409 971 438 983; x_wconf 84' lang='lat' dir='ltr'><strong>rex</strong></span> <span class='ocrx_word' id='word_1_295' title='bbox 448 966 526 982; x_wconf 79' lang='lat' dir='ltr'><strong>resistere</strong></span> <span class='ocrx_word' id='word_1_296' title='bbox 535 969 569 982; x_wconf 82' lang='lat' dir='ltr'><strong>non</strong></span> <span class='ocrx_word' id='word_1_297' title='bbox 578 970 609 982; x_wconf 90' lang='lat' dir='ltr'><strong>vo-</strong></span> 
     </span>
     <span class='ocr_line' id='line_1_37' title="bbox 43 989 609 1013; baseline -0.004 -5"><span class='ocrx_word' id='word_1_298' title='bbox 43 991 80 1008; x_wconf 87' lang='lat' dir='ltr'><strong>lens</strong></span> <span class='ocrx_word' id='word_1_299' title='bbox 93 991 201 1013; x_wconf 74' lang='lat' dir='ltr'><strong>multitudini,</strong></span> <span class='ocrx_word' id='word_1_300' title='bbox 211 996 248 1008; x_wconf 85' lang='lat' dir='ltr'><strong>curn</strong></span> <span class='ocrx_word' id='word_1_301' title='bbox 261 991 295 1008; x_wconf 88' lang='lat' dir='ltr'><strong>suis</strong></span> <span class='ocrx_word' id='word_1_302' title='bbox 306 991 323 1008; x_wconf 88' lang='lat' dir='ltr'><strong>in</strong></span> <span class='ocrx_word' id='word_1_303' title='bbox 338 990 424 1008; x_wconf 89' lang='lat' dir='ltr'><strong>Coloniam</strong></span> <span class='ocrx_word' id='word_1_304' title='bbox 438 995 457 1007; x_wconf 88' lang='lat' dir='ltr'><strong>se</strong></span> <span class='ocrx_word' id='word_1_305' title='bbox 469 990 556 1007; x_wconf 63' lang='lat' dir='ltr'><strong>transtulit.</strong></span> <span class='ocrx_word' id='word_1_306' title='bbox 570 989 609 1007; x_wconf 83' lang='lat' dir='ltr'><strong>Pre-</strong></span> 
     </span>
     <span class='ocr_line' id='line_1_38' title="bbox 44 1015 609 1038; baseline -0.004 -5"><span class='ocrx_word' id='word_1_307' title='bbox 44 1015 97 1033; x_wconf 80' lang='lat' dir='ltr'><strong>dictus</strong></span> <span class='ocrx_word' id='word_1_308' title='bbox 106 1015 140 1033; x_wconf 86' lang='lat' dir='ltr'><strong>dux</strong></span> <span class='ocrx_word' id='word_1_309' title='bbox 147 1016 231 1038; x_wconf 84' lang='lat' dir='ltr'><strong>Philippus</strong></span> <span class='ocrx_word' id='word_1_310' title='bbox 242 1016 304 1033; x_wconf 78' lang='lat' dir='ltr'><strong>Suovie</strong></span> <span class='ocrx_word' id='word_1_311' title='bbox 313 1019 368 1037; x_wconf 76' lang='lat' dir='ltr'><strong>usquc</strong></span> <span class='ocrx_word' id='word_1_312' title='bbox 379 1015 454 1032; x_wconf 85' lang='lat' dir='ltr'><strong>Bonnam</strong></span> <span class='ocrx_word' id='word_1_313' title='bbox 463 1015 544 1037; x_wconf 82' lang='lat' dir='ltr'><strong>pervenit,</strong></span> <span class='ocrx_word' id='word_1_314' title='bbox 553 1016 569 1031; x_wconf 77' lang='lat' dir='ltr'><strong>et</strong></span> <span class='ocrx_word' id='word_1_315' title='bbox 577 1016 609 1031; x_wconf 90' lang='lat' dir='ltr'><strong>tam</strong></span> 
     </span>
     <span class='ocr_line' id='line_1_39' title="bbox 43 1039 610 1063; baseline -0.004 -6"><span class='ocrx_word' id='word_1_316' title='bbox 43 1040 96 1062; x_wconf 88' lang='lat' dir='ltr'><strong>ipsum</strong></span> <span class='ocrx_word' id='word_1_317' title='bbox 106 1040 185 1063; x_wconf 83' lang='lat' dir='ltr'><strong>oppidum</strong></span> <span class='ocrx_word' id='word_1_318' title='bbox 194 1045 243 1062; x_wconf 87' lang='lat' dir='ltr'><strong>quam</strong></span> <span class='ocrx_word' id='word_1_319' title='bbox 254 1041 348 1057; x_wconf 79' lang='lat' dir='ltr'><strong>unchrsam</strong></span> <span class='ocrx_word' id='word_1_320' title='bbox 357 1040 401 1056; x_wconf 83' lang='lat' dir='ltr'><strong>eirca</strong></span> <span class='ocrx_word' id='word_1_321' title='bbox 413 1040 499 1061; x_wconf 80' lang='lat' dir='ltr'><strong>regionem</strong></span> <span class='ocrx_word' id='word_1_322' title='bbox 511 1039 610 1056; x_wconf 85' lang='lat' dir='ltr'><strong>devastavit.</strong></span> 
     </span>
     <span class='ocr_line' id='line_1_40' title="bbox 44 1064 609 1087; baseline -0.004 -5"><span class='ocrx_word' id='word_1_323' title='bbox 44 1065 76 1082; x_wconf 82' lang='lat' dir='ltr'><strong>Sed</strong></span> <span class='ocrx_word' id='word_1_324' title='bbox 87 1065 151 1087; x_wconf 82' lang='lat' dir='ltr'><strong>subito,</strong></span> <span class='ocrx_word' id='word_1_325' title='bbox 162 1065 220 1082; x_wconf 85' lang='lat' dir='ltr'><strong>nescio</strong></span> <span class='ocrx_word' id='word_1_326' title='bbox 230 1069 263 1087; x_wconf 85' lang='lat' dir='ltr'><strong>quo</strong></span> <span class='ocrx_word' id='word_1_327' title='bbox 273 1065 329 1082; x_wconf 82' lang='lat' dir='ltr'><strong>habito</strong></span> <span class='ocrx_word' id='word_1_328' title='bbox 339 1064 419 1087; x_wconf 80' lang='lat' dir='ltr'><strong>consilio,</strong></span> <span class='ocrx_word' id='word_1_329' title='bbox 429 1069 458 1087; x_wconf 85' lang='lat' dir='ltr'><strong>per</strong></span> <span class='ocrx_word' id='word_1_330' title='bbox 469 1068 505 1081; x_wconf 79' lang='lat' dir='ltr'><strong>cam</strong></span> <span class='ocrx_word' id='word_1_331' title='bbox 515 1068 548 1086; x_wconf 81' lang='lat' dir='ltr'><strong>qua</strong></span> <span class='ocrx_word' id='word_1_332' title='bbox 556 1067 609 1080; x_wconf 77' lang='lat' dir='ltr'><strong>vene-</strong></span> 
     </span>
    </p>
   </div>
  </div>
 </body>
</html>
