738 1221
247 76 266 88 u
277 76 341 88 nnuma
352 75 432 88 utentum.
588 70 620 88 381

53 116 83 128 rex
92 110 153 133 Apulie
162 112 255 133 occupatus
265 111 353 128 maioribus
363 111 440 133 negociis
450 115 483 128 nou
492 112 543 129 venit.
563 112 621 134 unque
631 116 664 130 ¹213

53 136 139 158 principes
149 136 193 153 sicut
200 137 314 153 convenerant
321 135 365 158 apud
370 136 490 153 confluentiam
498 141 517 153 se
524 136 545 153 ad
551 141 623 158 presen-

53 161 92 177 tiam
101 161 138 177 eins
147 160 276 182 transtulerunt,
289 161 331 177 inter
340 164 383 182 quos
397 160 426 177 suit
435 160 454 177 l-l.
465 160 565 178 Leodiensis
574 161 623 183 epis-

52 189 116 207 copus,
131 184 178 208 [qui]
193 185 263 202 remissa
275 185 346 202 maxima
359 187 406 207 parto
419 189 493 208 suorum,
507 190 526 202 se
539 186 623 203 transtulit

53 214 91 227 cura
99 210 159 232 paucis
169 223 172 226 .
182 223 185 226 .
195 223 198 226 .
218 209 257 227 Otto
266 214 303 226 curn
312 210 371 232 paucis
380 209 401 227 ad
414 210 500 227 Coloniam
513 211 593 233 recessit,
606 212 624 228 et

52 235 70 251 in
80 234 170 251 Saxoninrn
182 239 201 251 se
214 234 307 251 transtulit.
317 248 320 251 .
330 247 334 251 .
347 234 392 251 Inter
405 234 481 252 ottonem
495 236 512 252 et
523 234 622 252 Friderieurn

53 259 75 276 de
84 259 153 281 imperio
162 263 223 280 magna
232 259 321 276 discordia*
338 259 431 276 Fridericus
444 264 486 281 puer
498 259 573 277 collectis
585 259 623 277 sau-

53 284 117 301 toribus
127 284 171 306 suis,
180 284 223 300 inter
231 288 275 305 qnos
284 283 314 300 luit
323 283 357 300 dux
366 284 445 300 Bohemie
454 286 471 301 et
479 284 585 307 langravius,
594 285 623 307 qui

52 313 111 325 comes
124 310 166 325 ωτι-ο
183 308 252 330 dicitur,
268 308 357 330 multisque
374 308 411 325 aliis
424 308 514 326 Saxoniam
525 309 622 332 ingreditur,

53 338 103 355 quam
116 333 193 350 devastat
205 333 250 350 bello
262 334 279 350 et
290 333 377 355 incendic,
391 332 453 350 Ottone
466 338 500 350 non
513 334 579 351 valente
593 338 623 351 re-

54 358 115 375 sistere
125 357 155 375 sed
164 357 206 374 infra
214 358 301 375 Brunswic
313 362 332 375 se
344 357 435 375 detinente.
452 358 527 375 Marchio
537 358 559 376 de
566 358 623 376 Minoe

53 387 73 399 se
82 382 180 399 consederat
189 382 273 399 Friderico
282 386 340 404 puero,
350 382 407 399 relicto
416 382 477 400 Ottoue
486 396 490 399 .
500 396 503 399 .
513 396 517 399 .

91 406 141 424 Anno
158 407 220 424 domini
232 407 318 424 moccxsiii
327 420 331 423 .
340 420 344 423 .
353 420 356 424 .
374 407 466 424 Fridericus
484 412 512 424 rex
528 407 589 429 Apulie
606 409 623 425 et

52 431 153 449 Alemannie
168 432 229 448 curiam
245 431 327 448 celebrem
340 431 391 448 habet
404 431 451 454 Spire
464 432 481 449 in
495 432 550 449 natale
564 431 622 455 [1213

52 456 89 473 dec.
97 455 135 479 25].
153 455 184 476 Qui
197 456 218 473 de
231 456 303 473 consilio
315 456 404 473 amicorum
417 461 484 473 suornm
496 461 556 479 corpus
569 457 622 479 putrui

52 481 79 497 sui
88 480 158 503 Philippi
166 481 211 502 regis
224 480 246 498 de
257 481 366 503 Bavenberg,
382 481 409 498 ubi
423 481 444 498 ab
457 481 507 503 impio
520 482 580 498 comite
593 481 623 498 l'uit

52 505 152 522 interiectus
165 507 181 522 et
194 505 279 528 sepultus,
293 505 333 523 fecit
341 505 401 522 deferri
410 505 463 528 Spire,
473 507 489 523 et
498 506 520 522 ihi
529 506 596 528 sepeliri
605 506 622 523 in

53 530 127 547 ecclesia
136 530 232 552 honorifice,
241 530 269 547 ubi
278 530 395 552 imperatorum
404 532 421 547 et
432 535 489 552 regum
502 535 572 553 corpora
583 531 623 553 plu-

52 555 94 571 rima
103 556 143 571 sunt
152 554 230 572 tumulata
240 568 244 571 .
253 568 257 571 .
266 567 270 571 .
283 555 342 571 Dictus
349 555 437 577 imperator
446 554 486 572 ouo
495 555 548 577 Aquis
557 556 573 572 in
583 555 622 577 pal—

53 579 85 596 mis
95 578 149 601 [marz
158 579 190 602 23]
200 579 255 601 veuit,
264 579 338 596 fautores
348 583 389 596 suos
398 579 474 602 collegit,
484 584 622 602 congressusque

52 604 109 621 comiti
118 603 193 621 Gelrensi
202 604 258 621 villam
267 604 303 621 eius
312 604 390 626 optimam
399 604 505 621 Rurernonde
518 604 596 627 spoliavit
605 606 622 622 et

52 628 150 646 combussit
166 628 261 651 Episcopus
270 628 371 646 Leodiensis
385 630 402 645 et
412 629 431 645 L.
441 633 498 646 comes
507 629 528 646 dc
537 629 572 646 Lcs
581 629 622 646 seria

54 653 105 670 tercia
114 655 153 675 post
161 653 225 675 palmas
238 654 294 676 stipati
304 653 358 670 multis
367 653 461 670 Traiectum
470 653 543 676 vadunt,
554 656 621 676 pontem

52 678 137 700 frangunt,
146 678 223 695 timentes
232 677 311 695 Ottonern
324 679 340 695 ct
349 682 390 695 suos
400 678 483 700 lautores,
497 682 518 695 ne
528 682 549 695 ex
557 678 621 700 impro-

52 703 89 719 viso
98 704 166 725 pontem
176 704 262 720 transeant
274 704 290 720 et
299 702 388 725 dampnum
397 703 422 719 eis
431 702 511 725 inserant,
523 703 579 720 trabes
589 707 621 725 que

52 727 106 744 solive
115 728 197 744 vocantur
209 727 230 744 ad
239 727 294 744 villam
308 732 341 749 que
354 727 418 745 Nivella
430 730 501 745 vocatur
510 727 622 745 deducunt...

52 751 147 769 Ferrandus
162 756 219 769 comes
236 751 345 769 Flandrensis
362 752 445 769 dominum
461 757 508 769 suurn
525 753 622 775 episcopum

53 776 135 793 huniiliter
147 778 214 799 exorat,
226 778 309 798 quatenus
319 781 376 798 regem
385 776 462 794 octonem
475 777 544 794 transire
553 778 623 799 permit-

53 802 85 823 tat,
98 801 126 823 qui
135 801 151 818 ei
159 801 237 818 auxilium
247 803 305 818 contra
317 806 374 823 regem
383 801 452 818 Francie
465 801 511 818 serat.
528 802 622 824 Episcopus

53 826 134 848 petitione
143 826 196 848 ipsius
204 827 263 848 motus,
271 826 347 848 petitioni
357 826 393 843 eius
401 826 457 843 annuit
467 827 484 843 et
492 828 510 843 ut
518 830 562 848 pons
570 830 622 848 ropa—

53 852 97 867 retur
106 850 193 872 concedit,
207 852 223 867 et
232 850 276 868 datis
285 850 374 867 obsidibus
382 850 467 872 predictus
476 850 516 867 Otto
525 852 543 867 ut
552 851 621 873 pacifice

53 876 127 892 transeat
134 876 152 892 et
158 875 228 897 pacifice
236 875 295 892 redeat
302 875 384 892 concedit.
392 875 450 897 ltaque
458 880 487 892 rex
492 875 584 892 Traiectum
591 880 622 892 ve-

53 900 76 917 nit
82 901 100 917 et
108 904 130 916 ex
138 899 190 917 altera
197 902 244 922 parte
253 900 302 917 Mose
312 899 360 917 sedit.
369 899 395 917 Ad
403 904 452 922 quem
461 904 518 917 comes
528 899 621 917 Ferrandus

53 926 69 941 et
77 928 135 941 comes
146 925 215 941 Bulonie
227 926 244 941 et
250 924 284 942 dux
293 924 380 942 Brabantie
388 929 479 947 comesque
486 925 507 942 de
515 925 550 941 Les
557 929 621 942 conve-

54 951 118 971 nerunt,
124 951 140 966 et
148 949 176 966 diu
183 949 204 966 dc
211 950 284 971 negotiis
292 950 327 967 suis
334 951 451 966 tractaverunt.
460 949 525 966 Interea
531 950 622 972 episcopus

53 973 127 991 iraudcm
137 977 194 991 eorum
204 974 263 991 timens
273 976 289 991 ct
298 978 317 991 se
326 974 364 991 ndei
374 978 431 991 ecrurn
442 978 476 991 non
484 974 563 996 credens,
579 978 622 991 sano

53 998 105 1015 fretus
114 998 187 1015 consilio
193 998 214 1015 de
224 999 323 1021 episcopatu
332 1003 363 1016 suo
373 998 448 1016 homines
458 1003 499 1016 suos
508 1001 596 1021 convocat,
605 1000 622 1016 et

52 1022 85 1040 duc
96 1023 147 1040 millia
157 1022 230 1045 peditum
245 1025 338 1045 congregat
347 1025 363 1040 et
373 1024 498 1045 septingentos,
511 1027 554 1045 quus
564 1028 622 1041 omncs

52 1047 111 1064 vitalis
119 1048 196 1069 martyris
206 1046 249 1070 [apr.
258 1047 290 1070 28]
299 1048 355 1065 hahuit
362 1049 480 1069 congregatos.
491 1047 522 1068 Qui
533 1052 592 1065 onmes
600 1048 621 1065 ad

53 1077 125 1094 pugnam
135 1077 155 1089 se
164 1074 295 1094 preparaverunt
308 1074 324 1089 et
332 1073 387 1090 menia
400 1073 471 1090 civitatis
480 1072 502 1090 ad
511 1072 621 1090 resistendum
