738 1221
101 63 138 81 ³⁶¹0
281 70 299 81 ax
309 69 392 81 separaum
403 69 493 81 cotaniuar.

59 109 92 123 mi
102 105 143 122 Inde
152 105 240 127 imperator
249 106 265 122 ia
275 104 351 127 Apuliam
360 105 452 122 revertitur.
465 104 520 121 Padus
534 105 594 122 navius
607 105 624 122 in
633 105 669 122 lta-

100 130 122 147 lia
134 130 229 147 mirabiliter
241 129 319 147 exundat,
332 130 403 152 Eclipsis
417 129 458 146 solis
470 130 573 151 particularis
586 129 630 147 saeta
642 131 669 147 est

100 155 145 172 eirea
154 156 207 171 ortum
216 155 258 171 solis
268 154 344 171 secundo
353 154 375 171 id.
384 154 429 171 iunii.

137 179 200 196 Eodem
210 184 254 196 anno
263 180 352 201 imperator
358 179 437 196 Ravenne
446 179 513 196 curiam.
518 179 591 196 celebrat
600 179 628 196 die
637 184 668 196 na-

100 205 138 222 talis
150 204 221 226 domini,
234 204 296 221 ibidem
307 204 387 226 imperiali
400 203 495 220 diademate
510 204 605 225 insignitus.
623 203 667 221 Ante

100 229 144 246 hane
157 229 218 246 curiarn
231 229 295 245 circiter
306 230 340 245 tres
353 233 421 245 menses
434 228 519 245 Ludvicus
529 228 562 245 dux
571 229 648 246 Bawarie
657 233 667 246 a

100 253 172 276 quodam
182 253 274 270 Sarraeeno
284 254 344 270 nuneio
354 253 405 270 vetuli
414 253 435 270 de
444 253 527 270 montanis
536 253 553 270 in
562 253 618 270 medio
625 258 667 270 suo-

99 283 134 295 rum
144 280 171 295 est
180 278 253 295 occisus.
266 278 308 295 Nam
320 278 364 295 idem
374 277 441 295 vetulus
450 278 471 295 tle
480 278 564 295 montanis
573 278 668 300 imperatori

100 303 218 321 confederatus
226 303 286 320 multas
295 303 362 320 iniurias
372 307 414 325 quas
423 302 467 319 idem
476 302 510 320 dux
518 303 612 325 imperatori
622 304 667 320 inlu-

100 328 143 345 lerat
151 328 222 345 intendit
233 328 323 345 vindicare.
335 328 372 345 Hac
384 329 438 345 autem
452 328 556 345 conscientia
564 328 668 350 imperatoris

100 353 172 370 creditur
185 354 251 374 gestum
265 357 312 375 esse,
326 353 365 375 quia
378 353 467 375 imperator
479 353 533 374 ipsum
545 352 604 369 ducem
616 353 667 375 paulo

100 379 140 395 ante
149 377 254 395 diffidaverat
261 378 278 394 in
288 377 338 394 rebus
347 379 364 394 et
373 378 389 395 in
398 381 476 400 persona,
486 377 538 398 misso
549 377 570 394 ad
580 377 612 394 hoo
621 382 668 394 nuu-

100 403 127 420 oio
137 402 211 425 speciali.

137 426 278 449 Archiepiscopus
286 426 392 444 Coloniensis
400 431 436 443 eum
444 427 516 449 capitulo
523 427 625 444 sanotil’etri
632 427 669 444 dis-

100 452 160 473 senti23
170 456 202 474 qua
211 452 297 469 dissensio
306 452 392 468 muliorum
402 451 480 468 malorum
490 452 575 468 seminium
590 451 624 468 i'uit.
633 451 670 469 Ru-

100 476 172 499 dolphus
186 476 207 493 de
220 476 298 493 Kuvorrle
310 478 327 493 et
342 476 367 493 sui
381 476 471 498 complices
483 481 493 493 a
506 476 641 494 Traiectensibus
651 477 669 493 in

101 501 142 518 rotis
152 501 283 523 confringuntur.

108 535 110 537 -
137 525 186 543 Anno
195 526 257 543 domini
266 526 366 543 meelxxxji.
374 525 465 547 Imperator
473 525 517 548 apud
526 525 622 543 Ravennam
631 530 669 543 rna-

100 555 143 567 nens
155 550 216 567 bellum
228 551 293 567 molitur
305 552 363 567 contra
376 550 499 572 Longobardos
508 550 539 567 sed
548 555 582 568 non
591 550 668 573 proiecit,

100 575 218 597 Langobar-dis
231 576 274 592 viam
287 575 422 597 precludentihus
438 575 471 592 filio
485 580 516 592 suu
530 576 565 597 regi
581 577 598 592 et
611 575 669 592 militie

101 600 223 617 Germanorum.
237 600 285 617 Circa
297 600 366 617 mediam
379 599 523 622 quadragesimam
535 601 625 622 imperator
634 600 669 617 Ra-

100 629 156 642 venna
169 625 226 642 relicta
238 625 294 642 navali
307 629 356 642 eursu
372 624 424 641 tendit
436 624 546 646 Aquilegiam.
559 625 600 642 Inde
609 626 670 642 itinere

100 650 184 667 transiens
196 654 225 672 per
238 650 318 667 Venetias
331 649 392 666 ibidem
404 649 494 667 honorifice
504 650 602 672 suscipitur,
616 652 633 667 et
641 650 670 667 in-

100 679 171 696 gressus
183 675 273 692 ecclesiam
286 674 330 691 beati
343 674 394 691 Marci
406 678 457 696 super
470 674 521 691 altare
534 674 609 691 eiusdem
622 674 669 691 duna

100 699 149 716 offert
160 699 224 721 regalia
236 703 276 716 auro
292 700 309 716 et
320 699 390 721 gemmis
402 698 485 716 decorata.
502 699 552 721 Apud
561 698 669 721 Aquiiegiarn

100 724 164 745 pascha
174 723 217 746 [apr⁴
227 723 259 746 1¹]
270 724 350 745 celebrat,
360 723 393 740 filiu
403 728 434 741 suo
443 728 484 745 rege
494 724 515 740 ad
526 725 579 746 ipsum
588 725 669 741 veniente

101 749 118 765 et
134 748 232 770 quibusdam
249 748 349 771 principibus
366 748 470 765 Alemanuie.
487 748 534 765 Circa
549 749 669 766 ascensionem

102 772 143 795 [mai
153 772 185 796 20]
195 774 283 795 imperator
292 773 308 790 in
318 772 394 795 Apuliam
403 773 496 794 regreditur
505 773 560 790 navali
569 774 627 790 itinere
632 786 637 795 ‚
650 774 669 790 in

100 798 128 815 via
137 797 216 820 plurimos
225 798 287 820 piratas
296 798 347 820 capit,
357 802 401 819 quos
410 798 481 815 vinculis
490 798 577 820 mancipat.

139 822 222 840 Soldanus
236 822 323 840 Babilonie
336 823 431 844 imperaturi
444 823 492 839 mittit
504 823 590 840 tentorium
600 822 670 840 rniriiioa

101 849 136 864 arte
145 849 266 869 constructum,
276 848 293 864 in
302 851 335 869 quo
344 847 426 869 imagines
435 847 476 864 solis
486 849 504 864 et
515 848 554 864 lune
563 847 670 864 artificialiter

101 873 146 889 mole
157 876 222 889 cursum
236 876 284 889 suurn
297 872 346 889 certis
360 873 377 888 et
390 872 451 889 debitis
464 872 526 894 spaciis
540 874 638 894 peragrant,
653 873 670 889 et

101 897 152 914 horas
161 896 193 914 diei
203 898 220 914 et
229 897 283 914 noctis
292 896 400 913 infallibiliter
409 897 487 914 indicant.
500 897 550 914 Cuius
562 897 628 914 tentorii
636 901 669 913 va-

101 921 126 938 lor
135 922 193 943 viginti
206 922 273 938 millium
285 926 375 938 marearum
388 922 458 943 pretinm
468 921 528 939 dieitur
537 922 669 939 transcendisse.

101 945 138 963 Hoc
150 947 192 963 inter
204 946 293 964 thesauros
306 947 362 968 regios
375 946 418 968 apud
431 946 523 965 Venusiam
535 947 561 963 est
572 947 668 969 repositum.

100 970 198 988 ,accedente
211 971 274 993 pascha
288 971 416 988 Sarracenorum
431 971 448 988 in
461 971 488 988 die
501 971 553 988 Marie
566 971 669 993 Magdalene

102 994 140 1018 [iuii
150 995 182 1018 22]
196 996 285 1018 imperator
297 996 367 1013 nuncios
380 995 445 1013 soldani
458 998 474 1013 et
486 996 537 1013 vetuli
550 996 571 1013 de
585 996 669 1013 montanis

101 1020 123 1037 ad
132 1021 226 1037 convivium
235 1022 293 1043 vocat,
303 1022 319 1037 et
328 1021 361 1042 eis,
371 1021 426 1037 multis
436 1021 521 1043 episeopis
530 1020 644 1038 assidentibus
653 1023 670 1037 et

101 1045 157 1062 multis
167 1045 250 1062 nobilibus
259 1045 364 1066 Teutonicis,
374 1045 444 1062 festivas
454 1046 512 1067 epulas
522 1047 574 1067 parat.

139 1069 261 1087 Messanenses
274 1071 331 1087 eontra
343 1070 457 1091 imperatorem
471 1070 578 1087 rebellionem
590 1070 670 1087 excitant.
