738 1221
140 75 176 92 510
329 81 415 94 nrnnruua
426 81 519 94 taramriam

98 120 131 135 12⁵³
140 116 186 134 berto
198 117 279 139 episcopo
288 115 406 138 Ratispononsi
416 116 522 133 concordiam
531 115 576 138 iacit,
584 117 601 133 et
609 116 663 134 divina
671 117 699 134 iarn

138 146 169 164 per
175 141 237 159 multos
246 145 301 158 annos
312 145 397 163 suspensa
407 141 424 158 in
432 141 460 158 llla
467 141 537 163 dyocesi
546 141 644 158 relaxantur*

176 166 262 183 M.ce.liiiii.
280 165 380 183 Berhtoldus
392 166 482 188 episeopus
497 165 602 183 Patavieasis
616 166 665 188 obiit,
677 167 699 183 cui

138 195 168 214 per
181 191 279 208 electionem
291 191 389 208 canonicam
402 192 419 207 et
431 190 532 208 concordem
545 190 620 208 succedit
632 190 670 208 Otto
682 190 700 208 dc

138 216 221 233 Lonstorl'
226 215 301 233 eiusdem
306 215 379 232 ecclesie
387 215 480 232 canonicus
488 217 506 233 et
512 215 651 238 archidyaconus.
659 216 700 233 Lud-

138 241 191 258 wieus
201 240 234 258 dux
243 240 298 257 adbuc
307 240 377 257 absente
389 240 437 257 fratre
451 240 558 257 concordiam
571 240 611 257 iacit
622 245 659 258 eum
667 240 701 257 riu·-

137 265 183 288 lippo
193 266 248 282 electo
258 265 382 287 Salzburgensi.
400 265 498 282 chunradus
510 270 539 282 rex
548 265 597 287 priori
606 269 651 282 anno
660 265 700 282 Nea-

138 290 172 313 poli
184 291 279 312 expugnata
292 291 310 307 et
321 290 372 307 muris
385 290 421 307 eius
434 289 455 306 ad
470 291 528 307 terram
541 290 639 313 prostratis,
656 290 700 307 bomo

137 315 218 337 paoillcus
231 316 248 332 et
261 314 312 332 ludex
324 318 403 336 severus,
422 314 439 331 in
453 314 510 336 vigilia
525 315 630 332 ascensionis
644 314 700 332 domini

138 338 179 362 [urai
188 339 221 363 20]
231 339 274 357 diem
284 339 344 356 olausit
353 340 449 356 extremum.
464 338 489 356 De
502 340 549 356 ouius
562 339 608 356 obitu
617 339 700 357 Teutonici

137 364 187 386 Apuli
196 366 213 381 et
221 364 315 386 Lombardi,
324 365 379 386 preter
387 364 425 381 illos
435 364 463 386 qui
475 366 521 381 erant
532 364 553 381 de
566 366 612 386 parte
626 364 700 386 ecclesie,

138 388 196 406 dolere
209 389 259 406 nimio
273 390 312 406 sunt
325 388 390 406 turbati.
409 388 496 406 Heinricus
509 388 543 406 dux
556 389 632 406 Bawarie
644 389 700 406 auxilio

138 413 200 431 domiui
212 414 281 436 Philippi
294 413 424 436 Salzpurgensis
437 413 485 430 electi
499 413 520 431 de
529 413 602 435 Ungan'a
613 414 701 435 revertitur,

138 440 155 456 et
163 439 212 456 ambo
223 438 275 456 duoes
288 438 309 455 ad
323 438 410 455 eonsilium
420 438 482 455 domiui
490 437 563 455 Heinrici
572 438 701 460 Babenbergen-

138 464 162 481 sis
171 463 247 486 episcopi
260 467 307 480 suum
320 464 380 484 regunt
393 463 498 480 concorditer
509 463 624 485 principatum.
643 463 701 480 Eodem

137 492 182 505 anno
192 488 269 505 sterilitas
279 487 344 510 frugum
352 492 414 509 magna
421 487 451 504 init
457 489 474 505 et
480 488 551 505 maxime
556 487 599 505 circa
607 488 701 510 Danubium,

137 514 156 530 ut
164 517 196 530 neo
205 513 269 530 semina
278 513 344 535 possint
357 512 418 530 haberi.
436 512 470 529 Sed
479 514 496 529 et
505 513 522 529 in
530 514 581 529 noote
590 513 645 530 saneti
654 513 701 530 Marci

138 537 249 559 ewangeliste
262 541 291 559 per
300 538 387 554 maximum
398 536 451 558 frigus
465 537 513 554 vinee
526 539 542 554 et
554 537 617 554 fructus
632 537 701 555 arborum

137 562 229 585 perierunt,
242 562 265 579 ita
277 563 295 579 ut
304 562 353 579 valde
365 561 448 579 modicum
457 562 490 579 vini
500 563 597 579 nasceretur
606 563 624 579 et
633 562 671 580 illud
679 562 702 578 ai-

138 587 169 604 mis
181 588 228 604 esset
240 586 323 604 aeerltum⁴
335 585 340 596 ¹
354 586 444 604 Chunrado
456 591 497 608 rege
510 588 584 609 mortuo,
597 587 701 604 Innocentius

137 616 181 634 papa
196 611 238 629 lines
248 612 295 633 regni
304 611 366 634 Sycilie
380 613 407 628 est
419 616 512 633 aggressus
525 613 542 628 et
554 616 609 634 usque
619 611 701 634 Neapolim

138 634 222 654 obtinuit'.
235 636 255 653 111
264 641 297 659 qua
306 637 380 657 civitate,
391 636 429 653 1111111
438 636 460 653 de
469 636 537 654 obtenta
549 638 592 653 terre
605 636 651 654 illius
660 637 702 659 parte

138 663 155 678 et
163 666 194 684 spe
203 661 289 679 obtinendi
297 663 349 678 totum
359 661 421 683 sycilie
430 665 500 683 regnum
509 661 553 678 letus
562 663 660 683 moraretur,
669 661 702 678 Do-

137 686 191 703 minus
205 686 233 708 qui
246 685 320 708 dissipat
329 686 401 703 consilia
411 686 503 708 principum
515 687 532 703 et
544 686 623 708 reprobat
637 685 702 703 consiliu

137 711 246 733 populorum,
262 711 316 733 ipsum
325 715 385 733 papam
394 715 424 733 per
432 711 490 728 mortis
499 711 605 728 vocationem
613 711 643 728 tali
652 711 702 728 leticia

138 736 155 752 et
167 740 197 758 spe
210 736 268 757 privat.
289 735 359 752 Moritur
371 735 428 757 itaque
440 736 512 757 septimo
524 735 551 753 die
563 735 636 753 intrante
649 739 702 752 mense

138 759 226 777 decembre
235 761 252 777 et
260 759 320 777 ibidem
330 759 413 782 sepelitur.
430 760 460 777 Cui
474 760 528 777 statim
541 760 557 777 in
571 760 630 777 eadem
640 760 701 777 civitate

137 789 147 801 a
156 784 266 802 cardinalibus
279 786 318 802 tunc
327 784 434 807 presentibus
448 784 525 802 dominus
534 784 625 802 Reiu'aldus
635 784 701 802 Ostien-

137 809 161 827 sis
171 810 261 832 episcopus
271 810 379 831 subrogatur,
389 811 406 826 et
414 811 484 827 vocatus
494 811 521 827 est
529 809 624 827 Alexander
633 811 701 832 quartus
731 807 732 814 ¹

137 834 171 851 Iste
180 838 224 856 papa
233 834 287 851 bonus
296 836 313 851 et
322 836 418 851 mansuetus
427 838 447 851 ac
455 834 516 851 timens
523 834 612 857 dominum,
622 839 657 852 non
666 836 701 851 tan-

138 860 171 876 tum
180 863 240 876 curans
254 859 275 876 de
287 859 364 880 negociis
376 859 467 881 principum
480 860 497 876 et
508 863 597 881 regnorum
601 872 606 882 γ
620 859 669 876 multa
677 863 701 875 re-

138 885 187 900 vocat
196 885 213 900 et
221 885 278 901 cassat
287 888 319 906 que
328 884 344 900 in
354 888 444 905 gravamen
456 884 542 901 multorum
555 888 596 901 suus
610 884 700 901 constitue-

137 910 163 925 rat
175 910 278 925 unteoessor.
297 908 401 925 Manirredus
415 909 467 925 eeiant
480 908 523 926 fllius
532 908 610 926 Friderici
622 908 700 931 quondam

137 933 250 955 imperator-ts,
263 933 371 955 principatum
381 934 440 950 tenens
452 933 469 950 in
478 933 547 956 Apulia,
559 935 638 955 potenter
646 935 700 950 terram

137 958 190 980 ipsam
199 957 274 975 descndit
283 958 349 975 nornine
359 957 442 975 Chunradl
455 958 520 980 parvuli
533 958 614 975 fratruelis
627 958 663 980 sui,
676 957 700 979 qui

137 982 192 999 adbuc
204 986 240 999 curn
252 982 319 999 domina
328 982 419 1004 Elysubetb
432 984 484 1000 rnatre
496 987 527 1000 sua
539 983 555 999 in
565 983 641 1000 Bawaria
650 986 701 1000 mora>

137 1006 189 1024 batur*
209 1007 249 1024 Bela
263 1011 293 1024 rex
305 1007 409 1029 Ungarorurn
414 1020 419 1030 ,
434 1008 463 1029 qui
472 1008 504 1025 iarn
512 1007 550 1030 plus
559 1012 608 1030 quarn
617 1012 647 1030 per
655 1007 701 1024 biert-

155 1051 170 1066 tl
179 1050 209 1066 bier
217 1051 235 1064 int
246 1051 260 1064 111
273 1050 297 1064 der
306 1050 371 1064 urstlrrist
381 1051 403 1064 ein
412 1050 463 1064 abs-uz.
473 1050 501 1065 nu
510 1051 544 1064 kun
554 1050 673 1068 vorhorgelroade:
681 1053 701 1063 re-

155 1070 169 1081 ul
178 1067 206 1081 111111
218 1067 240 1081 die
252 1067 368 1084 witterungsnotiz
380 1067 430 1081 deuter·
441 1067 467 1081 auf
474 1068 499 1081 dor
508 1068 535 1082 zei!
543 1068 596 1085 gleiehe
608 1066 701 1081 niederschrist

137 1071 154 1101 ἦ.
162 1086 212 1098 nomm
221 1084 274 1098 mechus
282 1088 312 1098 mna
321 1085 393 1101 erginxen.
