738 1221
122 61 158 79 228
295 68 379 80 urrunnu-ra
390 68 508 80 weanrrznsu.

120 102 201 120 Alimania
210 104 285 125 partibus
294 103 361 125 Ligurie
374 103 443 120 feliciter
455 103 546 125 adeuntes,
561 105 601 120 vota
614 102 681 120 fidelium

120 130 215 145 nostrorum
223 129 240 145 in
250 128 373 151 amplexatione
382 128 434 145 nostri
443 127 510 145 dominii
519 128 612 145 invenimus
621 128 645 145 sic
654 128 682 145 de-

121 153 162 175 lixa,
177 154 195 169 ut
204 157 271 176 omues,
284 155 362 175 tanquam
375 154 427 170 mater
435 157 486 175 super
498 153 548 170 unico
558 153 591 170 [iiie
600 158 610 170 a
619 153 682 170 mortuis

120 178 212 200 suscitato,
226 178 322 195 viderentur
333 178 350 194 in
364 178 425 194 nostris
435 177 531 199 aspectibus
540 178 624 199 gratulari.
644 177 682 194 Nam

120 202 142 220 ad
151 202 272 219 ostendendam
282 202 331 220 [idern
340 204 357 219 et
365 202 480 219 constanciam
490 207 539 224 quarn
546 203 591 219 intus
599 202 683 224 gerebant,

120 227 161 244 foris
175 227 227 244 verbo
239 229 256 244 et
268 230 319 249 op'ere
333 227 349 244 in
363 227 460 249 recipienda
474 231 547 249 persona
559 229 615 244 nostra
629 231 657 244 eor
668 229 682 244 et

120 252 191 269 animam
196 252 258 269 nostris
263 252 330 269 nutibus
339 253 449 274 exponentes,
458 252 537 269 extractis
548 252 638 270 carroebiis
646 252 683 273 suis,

121 278 153 294 tarn
165 277 236 294 maiores
248 281 296 299 quam
308 277 380 294 minores
393 281 430 293 cum
441 276 551 293 inennarabili
563 276 683 299 sollempuitate

121 301 142 318 ad
151 301 212 324 pedum
219 303 313 319 nostrorum
320 301 378 319 oscula
387 302 495 319 communiter
503 301 603 324 veniebant,
612 301 683 319 offeren-

120 328 146 343 tes
158 331 177 343 sc
185 328 200 343 et
209 331 240 343 sua
249 331 285 344 euin
292 327 337 344 omni
349 326 459 345 subiectionis
472 327 569 344 reverencia
581 327 643 344 nostris
652 326 682 343 be-

120 351 208 373 neplacitis
218 353 235 368 et
243 351 330 368 mandatis.
347 351 368 368 Et
380 356 479 373 quamquam
492 356 513 368 ex
525 352 614 373 presencia
628 352 683 368 summi

120 375 214 398 pontificis,
224 376 252 398 qui
261 380 292 393 uos
302 377 407 398 precesserat
414 376 430 393 in
439 375 502 393 eisdem
510 376 594 398 partibus,
604 376 683 398 gravioris

120 401 235 423 dispensionis
248 401 331 418 materiam
346 401 450 423 timeremus,
464 402 522 423 utpote
534 405 564 423 per
576 401 623 418 onius
635 401 683 418 adiuti

121 425 210 442 adventum
225 425 362 443 Mediolanenses
375 427 391 442 et
406 426 433 442 alii
448 425 519 442 rebelles
532 426 594 448 nostri,
607 426 683 443 extractis

120 450 210 467 carrochiis
223 451 268 473 suis,
281 450 339 467 fideles
349 452 417 467 nostros
429 450 468 467 totis
477 450 513 467 suis
524 450 587 467 viribus
597 450 684 472 impugna-

121 475 171 495 bant,
189 475 256 492 tandem
274 475 379 492 ordinatione
397 475 453 492 divina
470 475 546 492 occulata
564 475 596 492 tide
614 479 684 497 perpen-

121 499 182 521 dimus,
191 500 245 522 ipsum
255 500 338 517 dominum
348 504 408 522 papam
417 504 427 517 a
436 499 515 522 predictis
524 500 587 517 nostris
597 500 651 517 taliter
659 504 684 517 re-

120 524 204 547 cessisse,
214 524 259 546 quod
268 525 305 542 eius
314 524 397 541 adventus
406 524 427 541 ad
434 526 490 546 partes
499 524 568 542 easdem
576 525 628 546 longe
637 524 684 542 nobis

120 548 151 566 fuit
159 549 214 566 utilior
223 554 272 571 quam
281 550 296 566 si
305 549 357 566 eciam
366 553 401 566 uon
409 550 490 566 venisset.
509 549 550 566 Narn
560 554 581 566 ex
589 549 622 566 hoe
631 549 684 567 devo-

120 575 174 591 torum
186 575 280 591 nostrornm
293 574 360 591 [erveus
375 574 427 591 crevit
439 574 520 596 devocio,
538 576 556 591 et
569 574 683 591 nichilominus

120 598 179 616 hostes
186 599 239 616 nostri
247 599 363 616 indevoeionis
373 603 435 616 cornua
444 598 520 622 [contra]
533 603 565 616 nos
579 599 644 621 erigere
652 598 684 616 tor—

120 623 215 646 midahaut,
227 624 251 641 sie
260 623 306 646 quod
316 625 395 652 tauquam
404 624 467 646 experti
477 628 530 641 rerum
539 624 594 641 Ytalie
603 624 648 646 qnod
657 628 684 641 as-

120 650 187 671 sumpta
195 649 264 671 preclari
274 649 321 670 regni
334 648 388 665 nostri
399 648 464 666 scilicet
472 648 563 666 hereditate
572 650 651 671 paterna,
664 648 684 665 ad

120 677 169 695 quam
178 677 208 695 per
217 674 288 691 maiores
297 674 350 695 ipsius
359 673 408 695 regni
420 675 507 695 magnates
521 675 538 690 et
550 674 645 695 specialiter
656 677 685 701 per

121 697 139 714 R
148 698 259 715 marchionem
268 698 289 715 de
298 698 397 721 Honbureli,
407 698 485 715 dilectum
494 700 568 715 nostrum
582 698 685 720 consangui-

121 726 181 745 neum,
197 723 272 745 evocati,
289 723 366 745 quicum
382 723 438 740 multis
451 723 506 744 galeis
521 722 567 745 apud
583 723 639 740 Polam
656 727 685 745 pro

119 748 178 764 nostro
197 748 267 764 transitu
282 749 393 764 accesserunt
408 748 529 765 communitatis
545 747 595 765 dietis
609 747 684 769 magnifi-

119 771 178 788 cencie
187 776 299 794 properamus.
315 772 385 789 Modum
395 772 475 789 habemus
485 774 501 789 et
510 772 587 795 sormam,
601 777 631 795 per
638 776 684 794 quum

119 796 192 813 hostium
209 798 302 814 nostrornm
318 798 386 814 caterva
403 796 424 814 de
441 797 515 819 partibus
532 797 586 814 Ytalie
602 797 620 814 in
637 801 684 814 manu

119 823 213 838 nostrarum
226 822 284 839 virium
296 822 414 844 conculcetur,
427 826 449 839 uc
460 821 518 839 forsan
530 822 547 839 iu
561 822 632 839 emenda
644 826 684 839 con-

119 845 170 868 digna
180 847 196 863 et
208 846 293 863 sufficiens
307 851 317 863 a
329 846 452 868 prosequendis
464 847 512 864 avitis
525 848 542 864 ct
553 847 610 869 patriis
623 846 684 864 iniuriis

119 872 136 888 et
144 871 192 893 pacis
202 873 218 888 et
227 870 317 888 concordio
330 871 452 888 adiectionibus
465 875 497 888 nos
509 871 587 889 reflectat.
604 871 656 893 Igitur
665 871 684 888 de

118 896 190 918 puritate
203 898 259 913 vestre
273 895 311 913 [idei
322 896 389 918 plenam
402 895 477 913 fiduciam
488 896 593 919 optinentes,
607 900 684 918 rogamus

119 922 136 937 et
145 925 231 938 monemus
240 922 312 942 attente,
326 921 404 943 quatinus
418 921 462 938 circa
473 921 584 939 devocionem
593 921 644 939 nestri
654 925 684 938 no-

118 945 167 962 minis
177 947 194 962 et
206 945 284 968 honoris,
295 945 337 962 sieut
346 945 456 968 confidimus,
469 950 500 963 vos
510 948 608 968 servantes,
621 945 684 963 felicem

118 969 189 986 reditum
198 972 271 987 uestrum
285 970 306 987 ad
319 972 374 992 partes
383 969 474 993 Alimanie,
491 971 519 993 qui
533 971 563 988 erit
575 971 592 988 in
604 971 683 993 proximo,

118 994 186 1011 viriliter
195 996 292 1017 expectetis,
302 996 320 1011 ut
329 994 350 1012 ad
359 995 462 1012 incrementa
470 995 523 1012 nostri
531 995 596 1013 comedi
606 998 622 1012 et
631 995 683 1012 nono-

118 1019 141 1036 ris
150 1020 210 1053 gracie¹
221 1021 278 1037 nostre
291 1019 388 1037 liberalibus
401 1019 488 1037 beneficiis
501 1022 588 1038 teneamur
596 1020 684 1042 benignius

118 1048 196 1066 aspirare.

135 1071 151 1088 4)
160 1075 185 1085 ιιι,
193 1071 223 1085 aaa.
233 1071 280 1089 panni.
292 1072 317 1085 ios
325 1072 339 1085 in
348 1072 390 1085 wrm·
399 1071 433 1086 blan
441 1072 462 1086 π.
