738 1221
124 49 158 66 172
312 56 376 68 Αιιιιιιεε
387 56 506 68 wiremutensis

123 92 191 113 recepta
204 90 296 108 secundum
307 91 410 108 voluntatem
421 95 478 108 eorem
489 90 623 113 distribuissent,
638 92 657 108 et
667 91 695 108 in-

123 115 197 133 citabant
204 116 328 133 universitatem
336 119 386 138 super
396 119 431 132 cosi
444 115 465 132 Et
472 115 553 132 continuo
562 117 695 138 assumpserunt

124 140 155 157 sihi
171 141 287 163 recepcionem
301 140 365 162 ungelti
377 141 393 157 et
406 140 518 162 provisionem
531 140 607 157 civitatis
623 140 694 157 Videris

123 165 172 187 igitur
183 165 260 182 dominus
271 165 361 187 episcopus
370 165 387 182 in
399 164 424 182 his
433 164 493 182 honori
503 169 534 182 suo
544 166 561 182 et
572 165 647 182 ecclesie
661 169 694 182 sue

122 194 143 207 ec
151 190 187 207 iure
196 191 213 207 et
221 189 313 212 privilegiis
322 190 357 207 suis
366 194 400 207 non
409 189 491 207 modicum
502 189 574 212 detrahi,
587 191 604 207 ct.
612 189 694 207 oonsuli-

123 214 154 232 bus
164 215 200 231 suis
211 218 231 231 ec
244 214 277 231 illis
286 214 381 236 quindecim
393 214 432 231 viris
446 214 463 231 in
476 214 540 231 honore
554 218 575 231 ac
584 214 620 231 inre
632 219 694 232 eorum

123 239 191 257 multum
200 238 288 261 derogari,
296 238 346 256 valde
356 238 473 261 conturbatus,
481 239 605 261 conspiratores
615 239 656 257 illos
667 239 694 256 di-

123 264 195 285 ligenter
201 264 302 281 commonuit
310 265 328 281 ut
334 263 356 281 ab
363 264 422 281 iniuria
431 268 487 281 eorum
493 265 586 286 cessarent,
595 265 613 281 et
617 265 694 281 ostenso

123 288 211 311 privileffl'o
219 288 242 306 nil
250 287 324 311 profecit.
337 289 376 311 lpse
386 292 427 306 vero
438 289 528 311 insurgens
538 289 593 306 statim
605 289 661 306 exivit
668 289 694 306 ci-

122 314 195 331 vitatem.

159 337 266 355 Adversariis
277 342 317 355 vero
330 337 470 355 convenientibus
487 338 613 355 concitaverunt
631 342 693 360 popu-

122 362 165 385 lum,
174 364 192 380 et
201 363 250 380 minis
260 363 343 385 impositis
356 363 445 380 conventui
455 362 604 380 sanctimonialium
614 363 632 380 in
642 363 693 379 Nun-

123 389 232 405 nenmunster
242 389 324 409 cogerunt
335 392 365 405 ens
377 387 454 409 frangere
466 392 538 410 murum,
551 391 600 409 quern
612 387 693 404 dominus

122 412 213 435 episcopus
221 413 239 429 et
248 412 327 430 eonsules
336 412 358 429 ad
368 416 425 429 carum
434 412 522 429 maximam
533 412 653 429 necessitatem
667 411 693 429 sa-

123 441 160 454 cere
168 437 278 454 indulserunt.
285 437 367 454 Dominus
375 437 465 459 episcopus
474 441 515 454 vero
523 436 564 454 soris
571 437 649 454 existens
655 437 692 454 suis

122 462 174 479 literis
182 466 213 484 per
222 463 256 479 tres
264 462 357 484 quindenas
368 461 469 479 commonuit
477 461 523 483 quod
530 466 540 478 n
548 462 649 484 rccepcione
659 466 693 478 un·-

123 486 163 508 gclti
171 488 188 504 ct
196 487 314 504 communitate
321 486 440 504 stateruitatnrn
445 487 538 503 cessarent.
551 486 586 503 Sed
592 486 643 503 nichil
650 490 692 508 pro-

122 510 166 528 iecit.
183 511 204 528 Et
212 511 267 529 statim
277 511 369 529 extendens
383 510 456 533 gladium
470 511 576 533 spiritualem,
588 510 647 528 diviua
661 515 692 533 per

122 537 173 553 totum
189 536 272 553 civitatem
284 537 323 554 ante
335 536 396 553 festum
404 536 476 553 omnium
486 537 582 553 sanctorum
593 535 691 558 suspendit.

121 560 147 578 De
156 565 190 583 quo
199 561 259 578 civitas
267 562 302 578 tota
311 560 341 578 tuit
348 561 450 578 contristata.
463 560 544 577 Videntes
552 561 609 582 itaque
619 560 692 582 conspi-

121 587 191 608 ratores,
200 585 246 608 quod
253 587 311 603 contra
320 585 402 603 stimulum
409 589 443 602 non
448 587 519 607 possent
526 585 635 607 recalcitrare,
644 589 691 602 con-

121 612 181 628 vocato
194 610 249 633 clero,
259 610 336 628 iratribus
345 608 478 628 Prcdicutorihus
488 611 505 627 et
513 609 616 632 Minoribus,
627 610 691 632 pecie-

120 637 159 652 runt
169 635 250 652 instanter
259 635 304 657 quod
313 640 370 653 eorum
380 635 441 652 auxilio
450 634 526 652 dominus
534 635 625 657 episeopus
635 635 654 652 in
664 635 690 652 vi-

121 660 175 677 cinnru
184 660 238 677 locuni
251 660 322 677 civitatis
334 660 416 677 accedere
426 659 484 682 vellet,
495 660 514 676 ut
526 664 564 677 cum
575 660 613 682 ipso
624 659 690 681 aliquid

121 684 160 702 boni
165 686 237 707 possent
242 686 317 702 tractare.
321 684 370 705 Quod
375 685 431 706 utique
436 684 513 701 dominus
518 682 609 706 episcopus
614 684 654 701 tecit
658 684 690 701 ali-

121 709 181 731 quibus
186 709 256 731 vicibus,
265 710 282 726 in
288 714 321 731 quo
326 709 376 726 nichil
381 709 455 731 profecit.
464 709 524 726 Ultimo
533 713 573 726 vero
579 713 610 731 per
616 713 690 730 magnas

121 738 180 756 preces
190 734 263 751 accessit
274 733 296 751 ad
306 733 461 756 Nunnenmunster,
470 734 488 751 et
500 733 522 751 ibi
531 734 548 751 in
558 734 614 755 vigilia
627 735 688 750 sancte

121 758 182 775 Cecilie
194 757 241 781 [nov.
249 758 281 781 21]
290 758 400 775 mediantibus
408 758 448 775 viris
455 758 531 776 discretis
539 760 556 775 et
565 758 642 775 fratribus
647 758 689 775 Pre-

120 782 212 801 dicatorum
221 784 238 800 et
245 783 328 800 Minornnr
333 788 363 805 per
370 783 431 800 multos
439 784 518 800 tractatus
526 783 595 800 inventa
601 785 628 800 est
635 782 689 800 torma

120 808 251 830 composicionis
262 808 284 825 ad
294 808 417 830 beneplacitum
426 807 488 825 domini
497 808 577 830 episcopi.
590 808 629 830 lpse
640 812 687 830 vero,

120 832 147 850 die
160 832 235 850 secunda
247 835 341 850 convocem
355 832 428 855 capitulo
440 837 472 850 suo
483 834 499 850 et
511 833 565 855 clero,
577 837 634 850 eorum
645 837 687 850 usus

120 857 200 880 consilio,
214 859 299 875 tractatum
310 857 381 875 admisit.
400 857 425 874 lta
436 857 482 879 quod
494 857 584 880 conspirati
599 857 687 874 emendam

120 881 207 899 honestam
221 884 238 899 ct
250 882 351 904 condignam
360 882 392 899 sibi
401 881 484 904 facerent,
493 883 511 900 et
519 882 535 899 ei
544 882 579 899 iure
588 886 620 899 suo
629 883 646 899 et
655 886 687 899 ec-

120 906 171 924 clesie
179 911 211 924 sne
219 908 237 924 et
245 907 316 924 consilio
325 906 448 924 Wormaciensi
457 911 523 929 sempor
534 907 574 924 totis
582 906 646 924 viribus
655 911 686 924 es-

120 931 199 949 sisterent
207 933 224 949 et
232 932 351 949 consentirent„
364 932 385 949 Et
393 931 470 949 dominus
479 932 569 954 opiscopus
578 931 647 949 indulsit
654 936 686 949 un-

120 956 183 978 geltum
190 956 240 979 recipi
249 961 259 974 e
267 957 343 979 proxime
350 956 394 974 festo
399 956 522 979 purincacionis
529 956 603 978 gloriose
611 956 685 978 Virginis

119 985 150 1003 per
157 985 223 998 annum.
237 981 263 998 Ae
271 982 319 999 cuius
327 981 443 1004 recepcionem
452 981 526 998 sedecim
534 981 579 998 viros
587 985 608 998 ex
615 982 686 1003 quatuor

119 1005 211 1028 parrochiis
217 1006 270 1028 ipsius
279 1006 357 1029 civitatis,
366 1008 384 1023 ut
390 1006 450 1023 iustum
458 1007 489 1028 est,
498 1010 531 1023 une
540 1010 578 1023 curu
587 1006 685 1023 consulibus

119 1030 210 1047 constituit*
223 1030 266 1048 Dete
279 1033 318 1048 sunt
330 1031 383 1048 eciem
395 1030 463 1048 domino
472 1031 553 1053 episcopo
562 1032 636 1048 trecente
645 1030 685 1047 libre

119 1054 218 1072 hallensium
227 1057 260 1072 tam
269 1060 300 1077 pro
308 1057 376 1073 moneta
384 1060 433 1077 quam
442 1060 472 1078 pro
481 1056 556 1077 ungelto.
567 1055 685 1073 Fraternitetes
