738 1221
126 58 149 75 96
312 65 394 77 ‹ru-unico·
406 65 510 77 couniun-

126 100 211 122 superiore
221 104 265 117 anno
275 99 295 117 ad
305 104 364 122 papam
370 99 438 117 Romam
444 100 517 122 miserat,
522 104 582 121 nempe
591 99 625 117 duo
634 99 695 117 milites

126 127 142 142 et
155 125 216 142 tercius
229 125 276 142 miles
289 124 360 141 clericus
373 125 389 141 in
402 125 437 141 iure
449 124 535 147 plurimum
548 125 636 146 versatus,
650 125 694 141 circa

125 150 258 171 purificationem
270 149 354 166 redierunt
366 151 383 166 et
396 149 417 166 ad
430 150 488 171 regine
500 150 601 171 presentiam
610 153 695 171 pervene-

126 176 168 191 runt*
181 174 246 195 Regina
254 178 294 191 vero
304 178 353 191 unum
363 178 385 191 ex
394 174 418 191 eis
423 174 524 191 Monachum
533 174 599 191 militem
608 174 695 191 festinau-

126 201 151 216 ter
159 199 180 216 ad
194 203 251 221 regem
263 199 361 221 transmisit,
371 203 433 220 rogans
442 199 540 221 suppliciter
549 199 628 221 quatinus
638 198 695 216 subito

126 224 223 245 dignaretur
231 223 253 241 ad
261 224 298 241 eius
307 224 407 245 presentiam
416 224 478 241 venire.
495 223 532 241 flue
540 225 596 241 autem
605 228 635 240 rex
644 223 696 241 veto-

126 249 167 266 citer
176 248 277 270 adimplevit.

164 273 249 290 Venerunt
258 273 311 290 nuntii
319 273 364 294 regis
373 272 484 290 Romanorum
493 272 535 290 infra
544 274 621 290 octavam
628 272 695 290 Johan-

126 298 153 315 nis
162 298 234 320 baptiste
243 298 259 314 in
269 297 399 320 Columbariam,
409 298 484 315 dicentes
494 297 539 320 quod
548 302 592 319 papa
601 298 618 314 in
627 298 696 314 consis-

127 323 168 340 torio
182 327 236 340 eoram
250 322 323 344 pluribus
336 322 407 339 millibus
421 322 505 340 hominurn
517 322 598 345 dixisset,
611 322 658 344 quod
667 326 696 339 rex

126 347 237 364 Romanorum
250 349 297 364 esset
310 351 359 364 verus
373 349 389 364 et
401 348 418 364 in
431 347 485 369 gratia
494 351 534 369 sua,
543 348 560 364 et
569 346 638 369 quando
647 347 697 364 veni-

127 373 160 394 ret,
170 372 213 389 sicut
225 376 255 389 rex
266 373 332 389 tenetur
343 372 408 394 venire7
422 372 473 389 vellet
482 376 520 389 euni
529 376 628 389 consecrare
637 372 654 388 in
664 372 696 388 im-

127 395 235 419 peratorem¹.
249 393 256 398 “

182 545 283 563 ANNALES
296 544 480 562 ARGENTINENSES.
507 544 540 562 631
553 554 575 557 ἢ
587 545 639 562 1272.

96 632 120 646 ⁶31
165 621 225 647 Anno
234 630 256 647 ab
264 630 378 647 incarnatione
388 629 449 647 domini
458 629 534 646 dcxxxi
548 629 655 651 Dagobertus
669 634 699 646 rex

129 655 241 673 monarchiam
257 655 275 672 in
291 654 342 672 tribus
356 655 413 676 regnis
425 653 561 676 Burgundionum
574 654 698 671 Austrasiorum

130 680 234 702 superiorum
246 679 345 697 Francorum
358 679 442 701 sagaciter
453 679 526 701 recepit,
543 679 606 701 fuitque
620 683 650 696 rex
663 678 697 696 tm·-

130 705 203 722 tissimus
213 706 243 721 etc.

167 728 216 746 Anno
223 728 285 746 domini
290 728 372 746 dclxxiii.
382 742 385 745 .
395 742 399 745 .
408 741 412 746 .
426 728 488 746 Eodem
496 730 570 750 ternpore
578 728 637 745 heatus
643 727 700 745 Arbo-

130 755 189 776 gastus
199 753 257 776 extitit,
266 753 294 775 qui
303 753 354 770 silium
362 753 455 775 Dagcberti
463 757 473 770 a
479 755 532 770 morte
540 753 632 775 suscitavit,
638 754 655 770 et
660 753 700 770 1¹10-

130 779 198 801 rentius,
210 778 238 800 qui
247 778 296 795 aliam
304 778 379 795 eiusdem
388 778 434 799 regis
443 783 453 795 a
462 777 540 795 demonio
549 779 626 795 vexatam
635 777 700 795 libera-

130 804 158 826 νὴ,
167 802 260 825 Argentine
269 803 343 820 vicissim
352 802 464 820 succedentes
473 803 549 825 episcopi
558 802 658 820 claruerunt.
669 816 672 819 .
683 816 686 819 .
697 816 700 819 .

167 827 261 845 Leudesius
278 832 350 850 namque
363 832 399 845 curn
416 828 467 844 maior
483 827 542 845 domus
558 829 613 850 esset,
629 827 702 844 duxerat

130 857 199 870 uxorein
208 852 229 869 de
238 853 317 875 prosapia
326 853 380 870 sancti
389 852 492 874 Sigismundi
501 852 545 873 regis
554 851 658 874 Burgundie,
667 856 702 874 ge-

131 878 199 900 nuitque
209 882 230 894 ex
239 882 259 894 ea
268 876 344 894 Athicum
354 882 385 894 seu
393 877 493 894 Adatricum.
507 876 539 897 Qui
548 878 595 898 patre
604 876 660 894 adhuc
669 881 701 894 su-

131 903 199 924 perstite
211 904 228 919 et
237 902 320 919 Hilderico
334 903 415 923 regnante
424 906 492 919 uxorem
503 901 574 918 duxerat
582 900 701 918 Berswindam

131 928 206 949 nominc,
220 926 268 944 tiliam
283 927 345 944 sororis
358 927 412 944 saneti
421 926 527 948 Leodegarii,
537 930 611 943 sororem
621 926 702 943 videlicet

131 952 194 973 regine.
216 950 241 968 Oh
255 951 298 968 hane
313 955 381 968 causam
397 951 547 973 consanguinitatis
560 955 571 968 a
583 950 647 973 pretato
658 955 702 972 rege

131 976 208 993 ducatum
218 975 306 993 Germanic
319 976 391 998 adeptus
407 978 440 998 est,
457 975 546 997 habuitque
561 975 619 992 sedem
631 975 647 992 in
661 975 703 992 villa

132 1001 177 1023 regia
193 1001 284 1018 Ehenheim
297 1002 314 1018 et
325 1001 342 1018 in
355 1002 411 1018 castro
425 1000 470 1023 quod
485 1000 590 1022 Huhenhurg
601 1000 702 1017 nominatur.

133 1026 226 1048 Genui'tque
238 1025 287 1043 tiliam
299 1030 308 1043 a
318 1026 404 1045 nativitate
413 1030 470 1043 cecam
479 1025 545 1042 numine
555 1024 635 1047 0diliam,
649 1029 682 1047 que
693 1030 702 1042 a

150 1067 166 1083 t)
175 1070 191 1080 ιο
200 1068 243 1081 set-te
252 1067 274 1080 ieh
282 1069 315 1080 sim
323 1070 388 1080 cesarem*
