738 1221
117 56 153 73 216
296 62 382 75 nmmum
393 62 510 75 wnuunrmu.

118 102 177 115 sonam
186 97 316 115 convenientem
324 97 346 114 ad
355 96 427 114 officium
436 97 542 115 villicationis
554 97 577 114 ibi
586 96 642 114 denuo
651 96 691 113 eli-

118 124 168 145 gant,
181 126 214 144 que
224 126 233 139 a
242 122 292 139 nobis
301 124 318 139 et
327 122 455 139 successoribus
465 122 527 139 nostris
535 122 639 143 investiatur,
649 123 691 138 sta-

118 148 179 169 timque
189 147 223 164 duc
237 147 315 169 ministri,
331 148 416 168 amptman
424 146 515 168 vlugariter
524 146 573 169 dieti,
586 147 691 168 statuantur,

118 177 188 195 quorum
201 173 272 193 uterque
286 176 317 189 sex
328 171 380 188 libras
392 171 447 195 dabit,
461 172 482 189 de
495 172 556 193 quibus
570 171 603 189 duo
616 171 692 193 recipiat

118 197 217 219 episcopus,
231 196 304 218 reliquos
313 196 357 213 idem
366 196 436 214 villicus,
449 196 536 218 Eligantur
548 196 598 213 etiam
611 195 692 213 sedecim

118 222 149 239 viri
162 222 190 244 qui
206 221 345 243 haimhurgenses
362 221 448 244 dicuntur,
466 226 536 244 quorum
552 221 623 243 quilibet
639 220 692 237 dabit

119 246 184 269 libram,
197 251 218 263 ex
227 246 288 268 quibus
297 245 339 263 duas
350 246 421 269 accipiet
432 250 499 269 comesa,
514 246 556 264 duas
565 245 626 268 prefati
635 245 690 262 mini-

120 271 158 293 stri,
167 270 255 288 duodecim
265 270 335 288 villicus.
343 269 349 279 ¹

155 320 169 335 ².
180 320 207 335 Die
221 319 277 338 lviii-ger
290 323 319 335 ven
333 319 394 335 Worms
408 319 517 340 beurkuudeu,
535 320 571 336 dass
588 320 612 335 die
628 319 693 338 aon-true

182 340 254 359 btlrgerlu
268 340 317 355 Gisela
331 340 356 356 dle
370 340 460 359 scheukuug
475 340 502 356 :les
517 340 563 356 linies
575 340 655 356 Rebstnek
671 343 693 356 nn

182 360 207 376 die
218 361 278 379 ‹lanige
288 360 411 376 Andreaskirche
425 360 474 376 durch
489 361 513 376 die
523 361 564 376 haud
575 361 617 376 ilites
628 360 693 376 munat-

181 381 240 397 burdus
255 381 294 397 ohne
310 381 391 397 vorbehalt
405 382 477 397 ernettert
492 381 536 397 habe.
563 381 632 401 Wcrms,
650 381 694 396 120⁸

182 402 212 417 mal
223 402 248 417 ²⁷.

159 435 209 453 Cives
218 436 360 453 wormacienses.
373 435 430 453 Prisce
440 436 544 453 auctoritatis
553 435 603 453 docta
611 435 693 458 pruden-

121 461 144 478 tia
152 462 218 478 cautum
228 465 268 478 esse
277 461 335 482 voluit,
344 462 362 477 ut
371 465 424 477 rerum
434 462 519 482 gestarum
529 461 588 477 seriem
596 460 645 477 stilus
654 465 693 477 rne-

121 486 172 502 morie
182 487 198 502 et
207 485 281 502 veritatis
288 484 296 504 ΙΙ
303 485 420 507 suffraganeus
430 487 514 508 exararet,
524 490 545 502 ne
552 485 647 507 ignorantie
658 490 693 502 nu-

121 510 152 527 bes
161 514 192 527 seu
201 510 325 531 malignantium
336 510 420 527 temeritas
432 512 472 533 aput
484 512 562 532 posteros
576 510 650 527 fomitem
661 514 693 527 ca-

121 534 211 552 villationis
225 535 328 552 ministraret.
344 534 427 555 Quocirca
434 534 441 554 ΙΙ
448 535 517 557 dignum
531 535 608 552 duximus
620 534 642 552 ad
658 539 693 552 no-

122 559 176 577 ticiam
195 560 278 582 presentis
296 560 345 577 etatis
362 561 379 576 et
396 564 496 577 successui-e
511 560 614 582 posteritatis
631 559 694 582 scripti

122 584 171 602 liuius
180 584 298 606 explanatione
307 584 399 607 deducere,
413 585 483 606 qualiter
491 584 581 606 burgensis
590 586 650 601 nostra
661 584 693 601 Gi—

123 609 164 632 sela,
171 607 179 629 ΙΙ
186 609 236 626 vidua
250 609 313 632 Siiridi,
327 613 374 627 seror
388 609 461 626 ecclesie
474 610 528 627 sancti
539 609 617 632 Andree,
635 609 694 626 eidem

123 634 195 651 ecclesie
205 634 264 652 volens
273 634 338 657 plenius
347 634 435 656 providere
444 635 462 651 in
471 635 511 651 curti
520 639 553 656 que
562 634 621 651 dicitur
633 634 694 651 Rebe-

123 661 168 681 stoc,
182 663 231 681 quain
240 660 277 682 ipsa
291 659 351 676 dudum
365 663 398 676 una
411 664 448 676 cum
457 659 515 676 marito
528 663 560 676 suo
570 659 630 676 Sii'ridu
640 659 694 676 heato

122 683 190 701 Anares
204 688 254 707 super
262 684 314 701 altare
324 688 372 701 suum
385 683 479 706 tradiderat,
489 685 515 701 set
523 684 589 701 interim
602 684 634 701 sibi
647 688 694 701 cen-

123 713 153 725 sus
166 709 263 731 retinuerat,
279 709 371 726 novissime
384 713 414 731 per
424 713 489 726 rnanurn
504 708 609 726 mundiburdi
621 709 648 726 sui
662 709 693 726 Si-

123 732 160 750 i'ridi
169 732 237 750 Friedac
246 733 354 750 donationem
367 737 417 755 quain
430 734 475 756 prius
485 733 548 751 iecerat
554 734 628 756 iteravit,
643 735 661 750 et
671 733 694 750 ad

123 758 201 775 maiorem
211 757 316 775 stabilitatem
325 758 378 780 ipsam
388 758 446 775 curtim
454 759 516 780 pariter
525 763 562 775 cuni
571 762 626 776 annuo
637 763 694 775 censu

122 782 198 805 predicte
207 782 280 800 ecclesie
289 783 385 804 resignavit.

160 807 229 825 Testes:
238 807 345 825 Baldemarus
358 809 417 825 cantor
429 808 496 825 maioris
505 807 582 825 ecclesie.
595 807 694 825 Eberardus

124 832 145 849 de
154 831 239 854 Hirzherg.
260 832 348 850 Heinricus
362 832 463 850 cellerarius.
481 832 569 850 l-Ieinricus
581 834 598 849 et
611 831 694 850 Albertus

124 856 145 874 de
154 857 242 875 Bubardia
262 857 348 874 Cunradus
362 857 421 879 Spem.
437 856 523 875 Arnoldus
536 857 557 874 de
571 857 643 874 Sollion>
658 857 693 875 Ni-

124 882 199 900 cholaus.
213 882 296 899 Gerhodo.
310 882 418 904 Suenigerusi
432 881 503 899 Siiridus
512 882 693 904 Frieaag.1ngemau-

124 906 161 924 dus.
174 906 279 925 Godefridus.
297 907 367 924 Siiridus
377 907 428 924 frater
436 907 532 925 Wicnandi.
549 907 654 929 Gumpertus.
664 907 693 925 Si-

124 931 175 949 fridus
186 932 283 949 Menneliin.
304 931 382 949 Alhertus
392 932 438 950 Com.
451 931 509 950 l-Iecilo
521 931 580 949 Albus.
598 931 693 949 Reimbodo

124 956 190 974 Nobbo.
203 956 290 974 Cunradus
303 959 321 974 et
329 956 417 974 Heinricus
427 956 495 975 Altliiut.
515 956 608 974 Edilwiuus
620 957 694 975 iuvenis.

124 981 218 998 Didericus.
236 981 306 999 Sirridus
319 981 369 999 Velir.
390 982 474 999 Fuhselin.
490 981 579 999 Heinricus
592 981 636 999 filius
647 982 693 999 Ber—

125 1006 174 1023 welfl.
188 1006 276 1023 Heinrieus
286 1006 306 1024 ile
315 1006 436 1028 Buggenlieiin⁴
449 1006 526 1024 Emriclio
536 1006 592 1023 Willa.

125 1049 342 1081 ιυῖζάιιιιιιὴῖἰνῗξὲᾱξξζὼιιῡώ
357 1049 389 1064 l'nnd
403 1050 425 1064 ich
438 1050 451 1064 iu
463 1051 502 1064 einer
514 1049 610 1064 nicaenorum
622 1049 647 1063 de!
658 1049 694 1064 niob-
