738 1221
238 73 320 85 canonicos
332 73 447 86 suanorum
591 66 627 84 ³93

57 108 125 125 northus
134 107 212 125 iratribus
221 110 239 125 et
247 108 299 125 tribus
307 107 441 125 Predicatoribns
450 112 470 125 ac
478 108 530 125 eciam
539 108 625 130 nigrorum
635 109 668 123 ¹23⁴

57 131 158 150 abhatibus¹
167 135 184 150 et
192 133 258 150 clericis
267 137 298 150 sen
307 132 391 150 nobilibus
398 133 446 150 laicis
454 133 532 155 personis
541 137 575 150 uon
584 138 627 155 pau-

58 158 90 180 eis,
104 157 171 179 publice
184 159 201 174 et
213 157 317 175 confidenter
330 158 434 179 expurgavit.
451 157 530 179 idemque
540 161 596 175 comcs
605 157 627 175 de

58 182 120 207 Solmis
133 186 170 199 cara
183 182 219 199 suis
231 182 279 204 fecit,
288 182 352 199 obortis
361 181 432 200 lacrimis
441 182 508 204 publice
521 182 600 199 fatendo:
609 186 628 199 se

58 208 121 223 ianm
132 207 191 224 nortis
201 208 245 224 metu
257 206 327 224 heresim
337 206 392 227 fuisse
401 207 501 228 prosae-mm.
517 207 537 224 Et
549 207 627 229 qnoniam

58 231 127 253 legitimi
137 233 245 249 accusatores
255 236 289 249 non
297 231 372 254 aderant,
383 231 405 249 ad
413 231 480 249 uisentis
489 232 627 254 expurgationem

58 256 122 273 admitti
130 256 166 273 iure
175 256 271 273 debuerant

96 280 134 298 Hoc
142 285 188 298 anno
197 280 330 303 Erphordienses
338 280 473 303 ingratitudinem
482 280 544 298 domini
553 281 579 298 sui
587 280 627 298 Mo-

58 306 124 327 guntinl
132 307 149 323 et
157 303 239 323 offensam
246 306 318 327 graviter
326 306 436 323 incurrebant.
445 305 527 326 Quoniam
534 310 578 323 anno
587 310 627 328 pre-

59 331 108 348 terito
121 330 160 348 dum
172 331 189 347 iu
201 330 248 352 regis
260 330 332 352 quadam
345 330 405 348 suisset
413 330 521 353 expeditione
529 330 550 347 ab
559 331 601 353 ipsis
609 330 627 347 in

58 355 135 373 curribus
147 357 165 372 et
177 355 256 372 militibus
268 356 345 373 iuvamen
357 356 429 377 petierat
440 357 457 372 et
469 355 572 378 subsidium,
581 354 627 377 quod

59 380 98 397 dum
110 380 144 402 ipsi
156 382 253 402 renuerent,
268 380 351 397 dominum
364 384 413 397 suum
425 380 499 402 graviter
511 380 627 397 exacerbave-

58 406 100 422 runt.
114 404 175 422 Postea
184 409 224 422 vero
237 405 291 427 ipsum
300 405 317 421 in
326 404 399 422 adventu
408 404 470 422 domini
479 409 509 426 per
517 404 627 426 compositio-

58 433 96 446 nem
110 428 201 446 Error-diam
211 429 310 451 invitantes,
322 429 426 447 concordare
438 434 472 446 non
484 430 566 451 poterant.
579 428 627 449 Qun-

57 455 126 476 propter
133 453 244 476 Mogantinns
249 454 341 476 Erphordia
348 458 385 471 cnm
392 454 439 476 gravi
446 454 562 475 indignatione
567 458 627 475 egres-

59 483 99 501 sus,
111 479 160 501 ipsos
171 483 227 496 eoram
235 483 277 500 rege
285 479 303 496 in
311 479 436 496 Frankenevnrt
445 479 520 501 proxima
528 479 574 496 curia
582 482 627 495 con-

58 504 113 525 venit,
127 503 144 520 in
156 503 231 525 pluribus
244 507 275 520 cos
287 508 377 521 accusans.
394 503 528 526 Erpliordienses
541 504 596 520 autern
605 502 627 520 ad

59 527 131 545 eandem
144 528 206 545 curiam
215 533 225 545 a
233 532 275 550 rege
283 528 338 551 citati,
349 528 422 545 ntmoins
430 528 470 545 illue
479 528 584 550 direxerunt,
597 532 627 545 ra—

58 554 92 570 tum
105 552 177 570 babituri
188 552 266 575 quicquid
279 557 316 570 cum
328 557 369 574 rege
382 557 402 570 ac
413 552 482 570 domiuo
497 557 528 570 suo
540 552 562 570 de
574 552 627 570 torma

58 577 186 600 compositionis
200 577 316 595 obtinuissent.
329 577 373 598 Quid
381 577 442 600 plura?
455 577 515 595 Nuneii
526 577 571 599 regis
580 577 627 594 arbi-

58 602 89 619 trio
102 602 192 624 negocium
205 603 313 620 committunt„
329 602 362 620 Sed
377 607 406 620 rex
418 602 546 625 compositionis
558 602 627 619 sunnam

58 627 148 644 arbitratus
161 627 232 644 nuncios
246 627 279 644 lide
291 627 391 644 constrinxit
402 627 489 649 iuratoria,
501 626 546 649 qnod
555 627 570 644 si
579 627 626 644 cives

58 651 193 674 Erpbordienses
200 651 271 669 eandem
276 652 366 669 refutarent
373 651 446 674 sormam,
450 653 555 669 revertentes
561 651 626 668 seMo-

57 677 129 698 gnntino
139 678 259 699 presentaseut.
272 676 304 697 Qui
316 676 383 694 domum
392 677 454 693 reversi
463 676 527 693 civibus
536 676 572 693 suis
581 680 626 693 con-

59 703 126 723 ceptam
134 705 144 718 a
153 705 194 723 rege
203 701 330 723 compositionis
339 701 408 718 sormam
421 701 480 718 litteris
489 702 506 718 et
514 700 570 718 verbis
579 700 627 718 rese-

58 726 122 743 rebant.
136 725 188 746 Quam
198 725 266 743 sormam
275 730 312 743 cum
321 725 454 748 Erphordienses
463 727 581 748 recusassent,
594 729 627 742 nec

57 750 108 768 iidem
117 750 174 768 nuncii
183 752 246 768 statuto
255 751 325 767 termino
332 751 396 768 reversi
404 750 481 773 fuissent,
489 750 626 773 archiepiscopus

58 775 75 792 in
92 775 141 797 ipsos
154 775 331 793 excommunicationis
344 775 381 792 tulit
395 775 503 797 sententium
519 779 562 797 quos
574 775 627 792 eciam

59 804 89 817 rex
99 800 176 822 proxima
186 800 240 822 curia,
250 800 295 817 cirea
303 800 364 817 festum
376 800 449 817 Udalrici
459 799 497 822 [iuli
505 799 526 822 4]
536 799 627 817 inAldeu-

59 824 99 842 burc
108 824 174 846 habita,
186 829 218 842 suo
229 825 286 842 banno
295 829 315 842 ac
324 825 370 847 regie
378 825 496 847 proscriptioni
504 824 627 841 sententialiter

58 849 151 867 innodavit.
164 848 268 872 Quapropter
280 849 302 866 illi
315 849 336 866 de
349 849 442 872 Erphordia
450 853 460 866 a
469 850 529 871 quarta
537 848 578 866 seria
587 850 626 866 ante

59 874 123 896 palmas
131 878 186 896 usque
194 874 212 891 iii
220 874 252 891 lial⁴
261 874 329 896 augusti
339 873 382 896 [apr.
393 874 475 891 12—iu1i
485 873 517 896 30]
527 873 587 891 divinis
596 877 626 890 ca-

59 900 135 921 rnerunt,
145 903 179 921 quo
188 898 224 921 die,
233 898 344 916 mediantibus
353 899 446 921 lantgravio
457 900 507 921 atque
516 898 584 920 prelatis
593 898 627 915 Er-

60 923 199 946 pommeraniae,
214 924 313 946 compositio
326 924 431 941 statuebatur
443 925 460 941 et
468 923 584 940 satisfactione
593 927 626 945 pe-

58 949 133 965 euniaria
142 948 274 966 confirmabatur.
288 948 350 970 Sicque
359 948 415 966 divina
424 949 508 970 resumpta
516 949 560 965 sunt.

94 973 132 990 Hoc
141 977 185 990 anno
195 973 247 990 biems
256 973 347 995 asperrima
356 973 391 996 fait,
400 973 443 990 adeo
452 974 471 990 ut
479 973 496 989 in
504 972 626 990 mediterraneo

59 998 98 1015 mari
111 998 198 1015 institores
211 997 298 1015 Venetiam
312 1002 349 1015 curn
361 998 435 1015 oneratis
448 997 542 1014 summariis
552 997 626 1019 pedestri

58 1022 116 1040 itinere
129 1026 160 1045 per
172 1022 244 1044 glaciem
256 1023 353 1044 transirent;
366 1027 399 1044 qne
411 1026 470 1045 nempe
479 1022 533 1039 hierus
542 1026 576 1039 non
585 1026 626 1043 par—

57 1052 94 1064 vam
103 1052 134 1069 per
143 1048 194 1064 totam
203 1047 267 1064 ltaliam
276 1047 293 1064 in
302 1047 356 1064 vineis
365 1049 382 1064 et
391 1047 457 1065 olivetis
466 1047 522 1064 intulit
531 1046 600 1064 cladem.

75 1074 91 1091 ς)
99 1074 141 1091 grisei
149 1074 180 1088 «imi
189 1074 294 1091 coarcter-ner,
302 1074 337 1091 nigri
346 1074 446 1088 numito-m.
