738 1221
227 63 296 76 cusam
307 64 339 75 1-..1τ-
349 64 380 75 aar.
392 63 442 75 ceron.
579 56 613 74 28¹

56 98 96 121 copis
105 97 183 120 Adolplio
192 99 209 115 et
216 98 326 116 Theoderico.
335 98 409 120 Singulis
419 99 473 115 antem
482 98 570 120 assignate
577 100 616 115 sunt

56 124 122 140 trecente
135 127 190 140 marce
203 127 225 140 ex
237 123 329 140 redditibus
344 123 473 145 episeopalibus.
488 122 524 143 ‘Qui
536 123 554 140 in
565 123 615 140 domo

55 148 130 170 Bergensi
142 147 192 165 ambo
204 148 263 165 mortui
276 149 316 165 sunt
323 149 374 170 atque
383 147 445 165 ibidem
453 147 519 169 sepulti.
535 147 575 165 Erat
583 147 616 165 do-

55 173 103 190 minus
114 172 226 194 angelbertus
238 173 255 190 in
267 173 349 195 principio
361 172 450 190 electionis
463 176 494 189 sue
503 172 568 190 iuvenis
578 173 616 195 qui-

55 197 87 214 dern
98 202 178 220 corpore,
191 197 222 215 sed
235 197 309 220 prudens
318 197 402 214 discretus
410 199 428 214 et
436 197 552 219 magnanimus
561 197 616 220 valde,

55 222 102 244 magis
114 222 164 239 animi
177 222 203 239 sui
217 222 294 239 virtutem
306 221 355 239 sactis
371 226 420 244 quarn
433 221 489 239 verbis
501 222 616 240 manifestans.

54 247 91 264 Nam
99 247 198 264 insolentias
207 247 285 264 comitum
293 247 373 264 nobilium
381 246 510 264 ministerialium
519 248 569 269 atque
577 247 616 264 bur-

54 272 126 293 gensium
139 271 213 289 diocesis
227 276 258 289 sue
266 272 290 289 ita
297 272 386 294 repressit,
395 273 413 289 ut
421 272 477 289 nullus
486 272 502 288 ei
511 271 580 289 auderet
589 276 617 289 re-

55 297 113 314 sistere,
124 296 164 314 Eius
173 296 256 314 industria
264 296 320 314 nobile
329 298 402 314 castrum
408 296 475 314 Turunh
484 296 559 314 ecclesia
563 296 616 314 Colo-

55 322 112 339 niensis
126 321 203 339 obtinuit.
216 322 292 339 Eoolesie
306 326 337 339 sue
350 321 395 338 bona
404 321 432 338 diu
441 321 521 339 distracta
530 323 547 339 et
555 321 576 339 1111
585 326 617 339 nn-

54 346 162 364 tecessoribus
172 346 207 364 suis
216 346 244 363 diu
253 346 332 368 neglecta
340 346 378 368 ipse
387 346 495 368 recuperavit,
505 347 522 363 et
530 346 562 363 alra
569 347 617 369 plura

54 375 81 393 que
92 371 137 393 prius
151 376 184 389 non
198 371 270 388 hahebat
282 371 305 388 1111
318 371 424 393 conquisivit.
438 371 498 388 Factus
507 373 562 388 autern
571 372 616 393 regis

53 395 120 413 Heinrici
130 396 204 418 septimiy
218 396 246 413 lilii
255 395 332 413 Friderici
340 396 453 418 imperatoris,
466 397 517 418 tutor,
531 397 563 413 tam
573 397 617 413 stre-

54 425 82 437 nue
91 422 107 437 et
116 422 149 438 tam
159 420 229 438 fideliter
238 421 285 442 regni
295 421 363 442 negotia
372 425 402 443 per
409 421 459 438 totam
464 420 579 438 Alemanniam
585 421 617 438 ad-

53 445 156 468 ministravit,
170 447 266 468 tantamque
279 450 337 468 paoem
351 445 397 468 tecit,
412 447 430 462 ut
442 445 496 467 gloria
505 446 522 462 et
531 445 574 463 tama
582 450 617 463 no-

53 470 96 487 minis
105 471 142 487 eius
152 470 204 492 longe
212 470 280 492 lateque
289 470 414 488 diffunderetur.
423 469 475 487 Culus
485 470 535 487 vitain
544 472 561 487 et
570 471 616 488 aetus

53 495 77 516 qui
84 495 151 517 plenius
160 500 212 513 nosse
222 495 315 517 desiderat,
329 495 393 517 relegat
404 494 477 512 libellum
489 499 538 517 quein
549 495 570 512 de
580 495 616 512 eius

52 520 128 541 passione
137 520 268 542 conscripsimus
273 518 283 537 ¹.
296 520 347 537 Cuius
359 519 463 542 profectibus
472 521 489 537 et
500 520 572 537 ecclesie
581 520 616 537 uti-

51 544 120 562 litatibus
134 544 211 562 diabolus
224 544 311 567 invidens,
321 545 355 566 egit
364 546 383 561 ut
391 549 401 562 a
410 546 483 566 cognato
493 549 524 562 suo
532 544 616 562 Friderico

52 570 107 587 comite
121 569 143 587 de
154 570 238 591 Isenburg
249 569 330 587 insidiose
339 569 449 587 occideteum
462 569 483 587 Et
491 570 530 592 quia
539 574 569 592 pro
579 570 616 587 ius-

52 594 82 611 titia
94 596 112 612 et
127 594 227 612 defensione
240 594 313 612 ecclesie
329 594 351 612 de
363 594 453 612 Essenden
466 594 552 617 occubuit,
566 594 616 612 hodie

52 619 102 636 multis
115 619 168 637 claret
179 619 266 637 miraculis.
280 619 327 637 Sedit
336 621 390 636 autern
401 619 432 636 sub
443 619 526 636 Friderioo
538 619 616 637 secundo

52 643 106 661 etalio
114 645 151 661 eius
157 644 235 661 Heinrico
244 644 316 667 septimo
324 645 373 661 annis
381 648 442 661 novem
451 645 468 661 et
476 644 562 661 mensibus
571 646 616 666 octo,

52 669 158 691 sepultusque
166 669 217 686 estin
226 669 299 686 eeclesia
307 669 361 686 sancti
369 669 412 686 Petri
419 669 466 686 iuxta
473 669 616 691 archiepiscopum

52 693 142 716 Philippum
150 696 208 711 eontra
216 695 280 716 portam
289 693 418 711 meridionalem.

84 718 142 735 xlviiii.
156 719 242 736 Successit
253 718 342 736 Heinricus
353 718 450 741 prepositus
462 718 563 736 Bonnensis.
581 718 616 736 Iste

53 743 67 759 in
75 743 154 761 ultionem
165 744 254 765 sanguinis
263 743 364 762 venerabilis
380 743 442 760 domini
454 743 551 765 Engelberti
563 743 617 761 omnia

53 769 102 785 castra
114 769 180 785 eomitis
187 768 264 786 Friderici
273 768 347 785 funditus
359 768 451 791 destruxit,
461 772 482 785 ac
493 772 534 785 suos
545 768 617 785 heredes

52 792 66 809 in
77 794 174 815 perpetuum
187 793 304 815 exheredavit,
316 794 334 810 ct
343 793 398 815 ipsum
408 793 484 810 comitem
496 793 517 810 de
528 792 616 815 neuburg,

52 821 61 834 a
68 817 139 839 quodam
149 818 208 841 milite,
221 818 300 835 videlieet
309 818 407 835 Baldewino
418 817 462 835 dioto
476 817 498 835 de
510 817 573 840 Gener,
585 817 617 835 do-

52 841 85 859 lose
94 844 166 865 captum,
175 842 242 860 duobus
252 843 323 860 millibus
330 847 422 860 marearum
427 844 444 859 et
449 842 520 864 amplius
526 841 616 864 redimens,

52 866 88 884 loris
100 871 157 885 muros
170 867 239 885 Colonie
251 869 290 885 ante
302 869 365 890 portam
377 867 422 884 beati
431 867 506 884 Severini
516 867 533 884 in
544 866 617 889 quodam

52 892 139 909 monticulo
151 892 244 910 columnam
257 892 339 915 lapideam
354 892 396 914 erigi
408 891 455 914 feeit,
464 892 481 909 in
490 892 538 909 ouius
547 892 617 908 summi-

53 918 83 934 tate
92 917 147 934 dictus
156 921 213 935 comes
222 917 271 934 rotali
284 922 328 940 pena
339 917 399 939 plexus
413 916 434 934 ad
442 916 537 934 miserabile
549 918 617 939 specta-

53 941 103 959 culum
116 942 182 959 cunctis
193 942 318 959 transeuntibus
331 942 397 964 positus
409 943 441 959 est.
453 941 491 959 Duo
500 942 549 959 etiam
558 941 617 959 fratres

53 967 139 988 supradicti
149 967 224 987 comitis,
233 967 298 984 scilieet
307 967 445 984 Monasteriensis
454 968 471 983 et
480 965 617 988 Osnabrugensis

52 991 129 1015 episcopi,
139 992 167 1014 qui
176 991 272 1009 dicebantur
279 992 327 1009 huius
337 991 406 1009 sceleris
413 991 482 1013 conscii,
492 991 513 1008 ad
522 991 617 1008 instantiam

53 1017 134 1034 memorati
139 1016 262 1039 archiepiscopi
267 1018 307 1034 sunt
311 1016 390 1038 depositi.
399 1015 502 1033 Auewritate
508 1016 557 1033 etiam
564 1016 617 1038 ipsius

52 1040 89 1058 intra
102 1045 158 1059 muros
172 1041 242 1059 Colonie
259 1041 302 1058 adeo
318 1043 387 1058 strenua
398 1045 429 1063 pro
442 1040 515 1062 quodam
527 1040 616 1058 homicidio

69 1069 82 1085 Ι)
92 1068 123 1082 lrizr
131 1068 168 1086 §aar
176 1068 206 1083 sith
215 1068 245 1083 niso
254 1068 317 1083 Cis-rius
325 1068 346 1082 als
355 1068 423 1082 vertum
430 1072 447 1082 zu
456 1068 531 1083 erhnnen.
