738 1221
257 64 277 84 px
288 64 352 76 seuam
362 64 381 76 ιη
391 64 433 76 ern.
589 58 626 76 1439

58 102 95 116 nem
104 98 163 116 intulit.
172 97 216 119 Quid
224 98 293 120 longius
302 99 350 121 algor
359 99 441 121 hyemalis
450 99 546 121 frigiditatis
554 104 625 121 prorsus

58 124 136 146 evanuit,
146 124 163 140 et
171 123 226 141 fervor
235 124 310 141 estivalis
319 124 408 141 caliditatis
417 124 434 141 in
443 125 507 141 tantum
516 124 600 147 efferbuit,
609 126 627 142 ut

58 148 126 170 quidam
135 148 273 166 discumbentium
282 150 350 171 propter
357 149 401 166 aeris
408 149 520 171 intemperiem
529 149 584 166 exutis
593 149 626 166 du-

58 173 130 195 plIcibus
141 172 242 190 indumentis
256 173 353 191 seminudos
367 178 387 190 se
399 173 483 196 facerent,
493 175 510 191 et
521 174 585 196 plurimi
594 174 626 191 sub

57 197 143 215 frondosis
156 197 231 216 arborum
245 198 332 215 frondibus
345 198 431 215 hincinde
442 198 544 220 refrigerium
555 200 626 221 appeto-

56 224 97 240 rent.
112 222 230 240 Ministeriales
242 227 282 240 vero
296 222 390 240 detulerunt
399 223 461 245 ubique
471 223 558 245 copiosam
567 223 626 246 epula-

56 252 92 265 rum
105 247 233 270 plenitudinem,
246 248 269 265 ita
278 249 296 265 ut
309 247 375 265 abunde
384 248 465 265 satiarent
473 248 572 270 populosam
581 252 626 265 con-

56 272 131 290 vivarum
140 272 266 290 multitudinem.
274 272 295 289 Et
303 272 364 289 letatus
374 274 401 290 est
408 277 438 290 rex
447 277 484 290 cum
493 272 542 290 simul
551 272 625 290 discum-

56 296 136 315 bentibus
145 297 162 315 in
171 297 229 315 eadem
239 297 284 315 curta
293 298 318 315 tot
326 298 344 314 et
352 298 398 315 tanta
410 301 481 315 cernens
490 297 564 315 inaudita
572 298 624 315 mira-

56 321 100 339 bilia.
120 321 191 344 Expleto
203 322 271 340 demum
284 322 361 339 convivio
375 322 422 340 turha
434 322 565 339 ministerialium
576 323 625 345 quasi

55 346 139 364 fantasma
152 346 242 369 disparuit,
255 347 327 369 garritus
339 347 394 364 avium
406 347 474 365 omnino
488 347 542 369 siluit,
556 351 625 369 germen

55 371 143 390 arboreum
151 371 239 389 confestim
246 372 319 394 evanuit,
326 371 385 389 florida
392 372 441 389 tellus
448 372 546 389 inarescens
554 372 624 395 exaruit,

55 396 104 418 copia
114 396 158 413 nivis
166 396 225 413 iterato
235 396 292 419 rediit
304 398 321 414 et
334 397 426 419 repetinum
435 397 475 418 gelu
484 396 587 414 truculenter
595 397 624 414 in-

55 420 126 443 horruit,
139 422 158 438 nt
170 425 237 443 omnes,
251 421 279 443 qui
292 421 337 444 prius
350 421 405 439 exutis
413 421 490 438 vestibus
500 421 625 439 desudaverunt

54 445 97 462 infra
106 446 208 468 convivium,
217 450 262 464 nunc
271 445 374 468 trepidantes
381 446 495 463 accelerarent
501 446 523 463 ad
531 446 588 468 ignem
597 446 623 463 in-

55 470 79 488 fra
88 470 192 488 cenaculum.

92 494 123 512 His
133 496 187 512 autem
197 495 237 512 mira
246 495 348 513 iucunditate
357 495 436 518 peractis,
444 494 522 512 Albertus
532 495 623 518 episcopus

53 520 136 538 instanter
149 520 224 538 exoravit
237 525 302 542 regern,
314 521 399 542 quatenus
412 520 489 537 fratribus
498 520 534 537 suis
543 520 623 537 Predicn-

54 545 120 562 toribus
131 544 236 563 claustralem
248 549 305 562 aream
315 545 332 562 iu
341 545 409 562 civitate
418 545 522 563 'l'raieetensi
530 545 581 562 vellet
590 549 623 562 ex-

54 571 118 591 petere,
128 571 145 586 et
153 569 217 587 eisdem
225 574 256 592 pro
265 569 354 587 stabilitate
362 570 410 591 regni
417 570 443 587 sni
450 569 537 587 munificas
546 569 623 587 eleemo-

54 594 101 613 sinas
114 594 208 612 attribuerei
221 594 257 612 Rex
270 596 325 612 antem
334 594 464 616 supplicatorias
472 598 533 616 preces
546 594 622 612 eiusdem

54 618 142 637 reverendi
151 620 202 641 putris
210 619 300 637 clementer
307 619 405 641 exaudiens,
412 619 506 636 Traiectum
514 619 574 636 exinde
581 619 623 636 des-

54 644 115 661 cendit.
125 643 178 664 Quem
187 643 227 661 Otto
235 644 311 667 pontifex
320 644 356 661 eius
365 645 435 666 patruus
447 648 484 661 oum
492 644 561 666 prelatis
570 645 587 661 et
596 644 622 661 ei-

53 668 102 686 vibus
116 668 190 690 gloriose
204 669 289 692 suscepit,
302 669 332 691 qui
344 668 365 685 de
381 668 454 686 fidelium
468 673 536 686 suorum
550 669 621 686 consilio

53 693 144 715 burgensis
158 693 229 711 effectus
241 695 276 716 est,
289 695 306 711 et
317 695 379 711 extunc
394 694 489 715 spaciosam
502 693 555 715 campi
566 693 622 715 plani-

53 718 95 735 uiam
107 718 151 735 infra
167 719 251 736 civitatem
267 718 333 736 nemine
345 718 483 736 contraveniente
494 719 577 735 mercatus
589 719 621 740 est,

52 747 103 764 quam
114 742 136 760 ed
149 744 247 761 structuram
260 743 327 760 daustri
340 743 410 760 donavit
420 742 509 760 antedictis
518 742 595 760 fratribus
604 743 621 760 in

53 767 188 790 eleemosynam,
201 768 271 790 insuper
284 769 301 785 et
312 768 347 785 auri
359 767 400 785 fulvi
413 768 454 785 satis
463 772 541 789 magnam
550 768 621 790 cupiam.

52 791 130 814 Denique
143 792 243 810 confirmatis
254 793 275 810 ab
288 797 309 810 eo
322 792 426 809 libertatibus
436 792 507 810 civitatis
517 794 533 809 et
542 792 620 814 ecclesie,

53 816 97 836 idern
109 821 140 834 rex
151 817 225 839 gloriose
235 818 326 840 susceptus
336 818 362 834 est
371 817 414 834 intra
423 817 517 834 comitatam
526 816 620 839 Hollandie,·

53 842 81 863 qni
94 843 112 859 et
124 842 142 860 in
155 842 203 863 Haga
216 842 273 864 regale
282 842 360 864 palatium
370 841 450 863 extruxit,
459 841 487 858 ubi
496 841 517 858 de
527 841 583 858 causis
592 846 620 858 ar-

53 866 89 884 duis
99 866 148 890 regni
156 867 238 885 tribunale
247 867 365 884 consistorium
375 866 491 888 frequentavit.
504 868 506 876 ¹

90 891 202 910 Civitatenses
211 893 266 909 autem
275 893 292 908 et
301 893 397 909 castrenses
406 891 495 913 imperialis
505 894 570 907 camere
579 890 620 908 red-

52 915 131 933 diderunt
141 916 194 933 eidem
208 916 292 934 benevole
303 921 372 933 censum
385 916 457 938 regium,
468 916 492 932 ita
503 914 548 937 quod
557 915 619 933 indeli-

52 941 102 958 aienti
112 941 190 959 thesauro
198 946 230 959 suo
241 941 340 959 exuberaret
351 940 495 963 gazophylacium.
508 939 539 960 Qui
551 944 619 962 quoque

52 970 82 987 pro
95 967 166 983 tractatu
178 965 263 987 generalis
277 966 323 988 pacis
333 967 448 983 convenerunt
456 964 501 987 apud
510 964 620 987 Magantiam',

52 990 157 1008 destinantes
166 990 220 1008 eidem
229 995 259 1013 per
267 990 348 1008 solennes
357 990 425 1008 nuntios
434 989 477 1007 lianc
486 989 582 1011 epistulam:

88 1015 167 1033 Glorioso
176 1015 245 1033 domino
253 1020 285 1032 sno
294 1015 405 1032 Romanorum
414 1015 450 1036 regi
458 1014 547 1032 Wilhelmo
557 1019 620 1031 consu·-

51 1039 76 1058 les
88 1042 106 1057 et
117 1040 182 1058 iudices
194 1040 233 1062 plus
246 1045 296 1062 quam
309 1039 417 1062 septuaginta
428 1039 513 1056 civitatum
529 1039 620 1061 superioris

51 1064 140 1083 Germania
149 1065 258 1083 reverentiam
267 1066 284 1082 et
292 1064 392 1086 obsequium
405 1064 499 1086 pereunala.
517 1063 619 1081 Excellentia
