738 1221
214 73 232 84 n
242 72 326 84 conrnune
337 72 427 84 σοιοιιῑκει
568 66 601 83 341

44 111 76 124 eum
89 107 219 129 propugnaculis
229 108 245 124 in
257 107 312 125 medio
322 107 381 124 Rheno
391 109 474 130 statuunt,
486 109 503 125 et
510 107 604 125 balistarios
614 110 647 124 ¹2⁰⁵

44 132 156 155 etsariautos,
168 132 196 154 qui
207 132 240 149 illis
249 132 266 149 in
278 132 337 149 faeiem
350 132 413 149 sortiter
425 133 512 155 resistant,
526 133 606 155 plurimos

45 157 149 174 constituunt.
164 157 221 174 Naves
234 157 283 174 etiarn
295 157 336 174 alias
348 157 488 179 instaurant,per
497 162 539 179 quas
548 158 606 180 sepius

45 182 131 198 transvecti
138 181 209 199 eundern
218 182 294 199 comitem
305 183 322 199 et
330 185 371 199 suos
383 182 485 204 impugnant.
499 182 552 199 Vilius
560 187 606 204 quo-

45 210 74 227 que
85 210 136 228 super
146 206 193 223 littus
203 206 257 223 Rheni
266 207 307 223 situs
315 207 347 228 ipsi
360 206 436 223 subditas
447 207 509 229 rapinis
520 209 537 224 et
545 207 606 224 ineen-

44 230 68 247 dio
76 230 169 248 devastant.
185 231 205 248 Et
215 231 240 248 sic
249 236 279 253 per
291 235 352 248 annum
363 233 381 248 et
390 231 474 248 dimidium
485 232 531 248 vario
545 233 606 249 eventu

44 255 88 272 simul
95 256 189 277 confligunt
197 257 214 273 et
221 255 305 273 dimicant.

78 280 118 297 Post
131 281 233 298 nativitatem
245 285 286 298 vero
298 281 347 298 beate
361 280 413 298 Marie
427 280 477 303 [sept.
487 280 507 304 8]
521 281 606 303 Philippus

44 309 70 322 rex
81 306 153 323 maximo
164 306 238 322 exercitu
250 307 354 327 congregato
361 306 451 323 Mosellam
464 306 549 328 transivit7
561 308 576 323 et
589 307 606 323 in

43 329 82 347 sesto
95 331 150 347 saneti
162 330 261 347 Miehahelis
276 330 372 352 archangeli
387 330 439 353 [sept.
452 330 484 353 29]
501 332 539 348 aute
552 331 606 348 menia

43 355 111 372 civitatis
128 355 197 372 colonie
208 356 279 372 veniens
296 360 332 372 eam
343 356 440 377 impugnare
455 356 504 377 cepit.
526 355 606 377 Sequenti

44 384 79 396 vero
95 380 123 397 die
136 380 153 396 in
167 380 248 402 superiori
262 381 308 402 parte
321 380 393 397 civitatis
406 380 475 397 tentoria
490 385 520 397 sua
533 380 577 403 tigit,
590 382 606 398 et

43 406 73 421 tuta
82 404 109 421 illa
119 404 146 421 die
156 409 192 421 eam
201 405 288 426 impugnat
300 406 317 422 et
326 402 393 427 impet'it.
410 404 440 421 His
452 407 507 421 autem
520 406 548 427 qui
561 405 606 422 intus

43 429 160 446 eraut-sortiter
167 430 305 452 repugnantibus,
315 431 332 446 et
340 429 440 446 adversariis
448 429 516 446 viriliter
525 430 605 447 resisten-

42 454 88 476 iilius,
97 459 134 471 euru
143 458 174 476 per
183 455 256 476 quinque
265 454 301 471 dies
311 459 347 471 eam
356 454 441 476 impeteret
451 456 466 471 et
476 454 526 471 nichil
534 454 606 476 profice-

43 480 73 501 ret,
86 478 117 496 sed
127 479 213 496 maximum
223 479 310 501 dampnum
320 483 388 496 suorum
397 479 476 501 precipue
485 483 565 501 equorum
572 479 606 496 ibi-

43 503 76 520 dem
85 504 179 526 aoeiperet,
193 504 249 521 relicta
262 503 351 521 obsidione
363 503 434 525 recedit,
448 505 465 520 et
478 508 514 520 eum
528 504 606 521 universo

42 528 113 545 exercitu
122 528 143 545 ad
151 528 279 550 expugnandam
289 528 357 545 Nusiam
366 528 445 550 procedit.
459 528 511 548 Quam
517 533 554 545 enm
563 529 606 545 ucri-

43 554 64 569 ter
72 553 182 575 impugnaret,
191 553 214 570 illi
223 553 244 570 de
253 553 317 570 viribus
326 553 361 570 suis
371 553 466 570 diffidentes
475 554 492 570 in
501 553 606 571 dedicionem

42 579 130 600 venerunt,
143 578 226 595 civitatem
235 578 273 595 eius
281 579 362 600 precepto
371 577 433 595 Adoll'o
443 578 523 600 episeopo
532 578 606 595 tradide-

43 604 83 625 runt,
97 604 115 620 et
124 602 212 620 obsidibus
225 603 240 620 ei
249 602 293 620 datis
306 603 369 620 servire
378 603 494 625 promiserunt.
507 603 537 620 His
546 603 605 625 gestis,

42 629 88 644 totam
98 629 158 644 terram
167 627 290 645 concremando
299 627 404 645 devastando
413 628 531 650 pertransiens,
541 627 593 645 rediit.

74 652 138 669 Littera
148 653 200 669 eciam
209 652 271 669 domini
283 657 327 674 pape
341 652 357 670 in
371 652 396 669 his
410 652 470 669 diebus
484 652 553 669 Colonie
567 656 606 674 pre-

42 678 131 700 sentantur,
140 677 157 694 in
167 677 227 699 quibus
236 677 324 694 invasores
333 677 442 694 eeclesiarum
451 677 529 694 iubentur
538 681 606 694 excom-

42 702 123 724 municari,
131 703 147 718 et
156 703 190 719 tota
199 703 242 719 terra
251 706 307 719 eorum
317 701 348 719 sub
357 702 445 719 interdicto
454 702 499 724 poni,
511 702 559 719 Unde
568 706 606 719 rnu-

43 726 66 747 gis
74 727 91 743 in
106 727 188 743 insanium
199 727 244 744 versi
253 726 297 743 idem
308 728 384 748 raptores
396 731 461 743 omnem
474 726 545 743 furorem
558 731 606 743 suum

42 751 56 767 in
64 751 126 768 clerum
136 751 230 773 exagitant,
244 753 300 768 curtes
309 753 326 768 et
337 751 394 773 predia
404 756 459 768 eorum
469 751 501 768 sibi
510 751 605 773 vendicant,

42 775 101 793 reditus
110 780 170 793 omnes
179 780 208 798 per
217 776 301 793 biennium
311 776 397 798 diripiunt,
411 776 452 793 etin
462 778 524 793 tantam
532 781 606 798 pauper-

42 801 87 818 tatem
102 800 176 818 ecclesie
189 800 288 823 deveniunt,
302 802 320 817 ut
332 800 411 822 quioquid
425 802 493 818 ornatus
505 801 522 817 in
535 805 575 817 auro
589 802 606 817 et

42 827 109 846 argento
123 827 140 842 et
152 826 222 847 gemmis
235 826 314 847 pretiosis
326 826 342 842 in
357 826 381 842 eis
393 825 414 842 ab
423 825 513 847 antiquitus
523 827 605 842 servatum

42 849 97 873 iuerat,
107 851 159 867 tolum
169 850 264 867 distractum
275 852 291 867 et
300 850 384 867 venditum
394 850 420 867 sit.

74 874 126 892 Anno
135 874 198 892 domini
207 875 274 892 meavi.
283 875 367 897 Philippus
377 880 406 892 rex
419 879 455 891 uum
465 875 538 891 exereitu
548 874 605 891 iterum

42 899 60 916 ad
68 899 156 917 inferiores
162 901 219 922 partes
226 899 339 922 descendens7
348 901 446 917 occurrente
451 899 482 916 sibi
488 898 549 916 Adolfo
558 899 605 921 epis-

43 928 81 946 copo
90 929 129 942 eum
138 924 227 941 comitibus
241 926 257 941 et
270 925 330 942 ceteris
339 924 423 942 nobilibus
433 926 484 946 terre,
498 926 550 941 totum
559 924 605 946 epis-

42 951 116 971 copatum
126 949 218 967 seeundum
230 949 293 966 libitum
305 950 360 966 omnia
370 949 401 966 sihi
415 949 513 966 subiciendo
522 949 605 971 percurrit.

41 972 71 991 Rex
78 976 135 991 autern
142 973 181 991 Otto
189 975 206 991 et
214 974 275 995 Bruno,
285 974 312 996 qui
322 974 359 996 ipso
369 978 426 991 mense
435 974 451 991 in
461 973 605 996 arehiepiscopum

42 998 124 1016 ordinatus
137 998 190 1016 suerat
203 1003 213 1016 a
224 999 284 1016 Sifrido
297 999 406 1021 Moguntino,
419 998 525 1020 presentibus
538 998 604 1015 duobus

42 1023 123 1046 episeopis
133 1023 154 1040 de
163 1023 248 1041 Britannia
257 1028 267 1041 a
276 1028 316 1045 rege
325 1023 386 1045 Anglie
399 1024 462 1043 missis.
475 1027 511 1040 cum
522 1023 604 1045 quadrin-

41 1049 92 1068 [reutis
111 1048 191 1065 militibus
208 1050 225 1065 et
240 1048 307 1065 duobus
325 1048 390 1065 milibus
407 1047 480 1070 peditum
496 1047 517 1065 de
535 1048 604 1064 Colonia

41 1075 117 1090 exeuntes
131 1078 168 1090 eum
182 1073 241 1090 eodem
254 1073 345 1095 confligere
357 1074 456 1090 statuerunt,
470 1072 504 1089 Sed
517 1072 604 1089 traditione
