738 1221
126 68 161 86 ³58
305 75 323 87 u
335 75 418 87 continuo
429 75 518 87 cononrznsr,

85 112 118 126 ms
127 110 180 133 ipsius
194 110 309 127 miserabiliter
322 110 416 128 trucidatur.
430 110 516 132 Siquidem
524 110 556 127 iam
568 110 623 127 dictas
636 114 694 127 comes

125 135 198 156 regalem
209 135 297 152 ecelesiam
308 135 325 152 in
336 135 414 157 Eseude,
427 135 475 152 cuius
486 135 530 152 idem
546 135 640 152 advocatus
652 136 693 157 erat7

125 160 199 177 violenta
211 160 322 182 oppressione
332 159 425 182 lacerabat,
435 160 511 177 homines
521 159 565 177 dicte
576 160 649 177 ecclesio
659 160 693 177 du-

125 185 196 201 rissimis
209 184 282 206 angariis
296 186 312 201 et
324 185 428 206 parangariis
441 184 537 206 affligendo.
554 184 608 204 Quem
621 189 658 201 curu
672 184 693 201 ab

125 209 158 226 bac
171 209 230 226 iniuria
244 209 339 231 prohiberet
353 209 500 231 archiepisoupus,
513 209 541 231 qui
554 210 593 226 tuuc
605 209 694 226 Teutonici

126 234 173 256 regni
187 234 254 251 tutelam
266 233 340 256 gerebat,
350 238 407 251 comes
417 238 451 251 non
460 234 517 251 ferens
524 234 588 251 frenum
596 238 627 251 sue
635 235 694 256 tyran-

126 258 176 281 nidis,
185 260 253 276 mortem
262 258 384 281 archiepiscopi
394 258 501 281 machinatur,
510 258 532 276 ad
540 258 572 275 boo
580 259 634 275 eciam
642 259 660 276 ul
667 258 694 276 di-

126 284 168 300 citur
177 288 187 300 a
196 283 251 300 multis
259 283 350 306 nobilibus,
359 288 430 305 quorum
438 283 532 306 superbiam
541 283 643 300 fortissimus
651 287 693 306 pre-

127 308 153 325 sul
162 308 267 330 contriverat,
276 309 363 325 animatus.
374 308 450 330 Denique
460 308 538 326 domnum
547 308 693 330 archiepiscopum

126 332 224 350 redeuntem
232 337 292 350 versus
299 333 386 350 Coloniam
394 338 404 350 a
414 333 481 350 Sosatia
491 333 553 355 oppido
562 332 652 350 Westralie
661 337 694 350 co-

127 358 194 375 mitatus
207 358 269 375 infelici
281 358 396 380 grassatione,
412 358 477 376 habens
488 362 545 375 secum
558 358 694 379 vigintiquinque

127 383 209 399 scutarios
222 382 242 399 ad
252 383 315 400 tantum
324 383 380 400 scelus
391 382 488 405 expeditos,
497 383 520 400 nil
530 383 564 400 tale
574 383 694 405 suspicantem,

127 407 167 429 quia
175 407 269 424 huiusmodi
278 408 392 429 suspicionem
402 409 419 425 et
429 408 503 429 ingenita
511 407 583 425 audacia
595 409 611 424 et
619 407 695 424 naturale

127 432 176 449 iedus
191 432 342 454 consanguinitatis
357 432 378 449 ab
395 432 521 455 archiepiscopo
535 432 640 454 removebat,
655 432 695 449 lieet

99 460 101 462 ’
127 458 166 474 ante
175 461 240 479 paucos
248 457 284 474 dies
291 461 321 479 per
331 457 413 479 quasdam
422 457 484 474 litteras
495 457 526 474 sibi
537 457 646 474 transmissas
655 456 695 474 sue-

128 482 148 498 rit
159 482 266 504 premonitus.
286 481 345 504 Itaque
358 483 425 504 arrepto
435 482 473 499 loco
486 483 503 499 et
514 483 587 504 tempore
599 483 695 503 opportuno

127 510 161 523 non
169 506 220 528 longe
229 511 239 523 a
248 506 287 523 villa
294 511 326 528 que
335 506 402 524 Suelme
410 507 510 529 nominatur,
519 506 602 529 presulem
610 506 655 523 idom
665 510 695 523 oo-

127 535 163 548 rnes
176 535 213 547 cum
226 531 326 552 quibusdam
339 531 376 548 suis
387 531 486 548 consiliariis
498 531 571 548 cruentis
583 530 695 553 carnificibus,

127 555 179 572 latere
188 556 224 572 eius
233 555 311 577 perfosso
319 556 411 573 sceleratos
420 556 489 573 sicarios
498 556 515 573 in
524 557 593 573 mortem
601 556 655 578 ipsius
663 560 695 573 ex-

128 580 207 597 hortatur.
220 580 251 600 Qui
260 581 276 597 in
286 585 323 598 eum
331 581 412 598 irruentes
421 581 482 602 gladiis
489 582 507 598 et
514 580 615 603 pugionibus
626 581 696 602 triginta

128 606 167 622 octo
180 605 236 627 plagis
248 605 301 628 ipsum
314 605 417 623 confodiunt.
432 605 470 623 Hoc
481 605 526 623 sacto
540 605 598 627 recipit
609 610 628 622 se
637 610 695 623 comes

128 635 165 647 cum
178 630 214 647 suis
226 630 243 647 in
256 632 327 647 castrum
336 630 423 652 lsenberg.
436 630 484 648 Jacet
493 630 549 648 nobile
560 634 621 652 corpus
635 630 698 648 deser-

128 657 162 672 tum
171 655 192 672 ab
201 655 283 672 omnibus.
300 655 341 672 Nam
351 657 386 672 tota
395 655 456 672 familia
465 656 554 672 conterrita
564 656 596 672 tam
607 655 696 677 inopinato

128 680 193 697 scelere
203 679 298 702 aufugerat,
308 681 379 702 excepto
389 684 441 702 parvo
452 680 519 698 servulo
529 680 557 702 qui
566 680 614 697 solus
623 680 697 697 cadaver

128 704 191 721 domiui
204 704 299 721 custodivit.
315 704 367 722 Nocte
382 705 482 722 adveniente
495 704 528 722 duo
540 704 620 726 indigene
628 705 645 722 in
655 704 697 726 biga

128 733 189 751 corpus
201 728 279 746 deferunt
292 729 389 751 reponendo
402 730 419 747 in
429 730 502 747 eeclesia
511 729 587 751 Suelme,
599 733 649 751 quam
658 729 697 752 ipse

128 754 206 775 sequenti
219 753 301 771 dominica
314 756 350 771 erat
362 756 495 772 consecraturus.
509 753 561 774 Quam
575 754 596 771 ob
605 758 639 771 rem
649 756 666 771 ct
675 759 697 772 ea

129 778 156 795 die
169 783 202 800 qua
215 779 283 796 occisus
295 781 321 796 est
333 779 459 797 confessionem
469 779 490 796 de
499 779 573 801 pennatis
583 779 618 796 suis
628 779 697 796 fecerat.

128 803 197 821 Postera
210 803 237 820 die
250 803 314 820 ducitur
326 803 347 821 ad
357 804 445 821 cenobium
454 804 546 825 Bergense,
558 803 590 821 Ubi
599 808 609 820 a
618 803 697 821 iratribus

128 827 161 845 loci
171 832 231 850 corpus
238 833 276 845 cum
284 829 347 850 ingenti
357 828 396 846 llelu
405 830 490 851 receptum
497 828 598 845 aromatibus
604 828 697 851 conditum,

129 854 146 869 et
154 852 236 870 luctuosis
249 853 311 875 vigiliis
324 853 381 870 addita
392 853 492 875 psalmorum
501 853 573 871 melodia
582 854 608 870 est
617 853 697 870 eustodi-

128 879 167 894 tum.
179 877 211 895 Ubi
224 877 291 899 qnidam
303 877 370 895 fratrum
382 879 463 895 testantur
476 883 495 895 se
504 878 590 900 angelicas
603 882 655 895 voces
665 882 698 895 au-

129 902 180 920 disse.
189 901 260 922 Quidam
267 903 318 920 eciam
326 902 376 920 irater
382 903 453 921 eundem
459 902 518 920 eadem
524 903 565 920 hora
574 902 606 920 sibl
613 902 629 920 iu
637 907 697 925 somp-

128 927 155 944 nis
164 930 271 949 apparentem
281 928 322 944 vidit
331 929 348 945 et
356 927 448 945 dicentem:
461 932 479 945 se
489 932 522 949 pro
530 928 595 945 iustitia
603 927 697 949 triumpha-

128 951 161 968 lem
172 953 248 974 martyrii
260 952 337 969 lauream
348 953 432 970 meruisse.
445 953 526 970 intestina
535 953 570 970 eius
579 952 642 969 ibidem
651 952 696 970 sub-

129 978 188 993 terrata
198 978 241 994 sunt.
255 977 273 994 In
283 977 340 999 vigilia
349 978 403 994 sancti
412 977 479 994 Martini
488 977 581 1000 preciosum
590 981 652 999 corpus
660 977 695 995 Cu-

128 1001 190 1018 louiam
206 1002 299 1019 adducitur.
318 1002 350 1019 Ubi
363 1007 400 1019 oum
412 1002 517 1019 inenarrabili
531 1002 571 1020 lietu
584 1003 601 1019 et
612 1001 674 1019 eiulatu
687 1007 697 1020 a

129 1025 174 1042 clero
187 1027 204 1042 et
216 1026 279 1048 populo
293 1028 319 1044 est
328 1028 412 1050 receptum
422 1029 438 1044 et
447 1027 464 1044 iu
474 1027 547 1044 ecclesia
556 1026 600 1044 beati
610 1026 654 1043 Petri
663 1026 697 1044 de-

128 1050 206 1072 positum,
219 1051 250 1068 Ubi
264 1051 317 1068 cidem
326 1052 402 1073 gloriosa
411 1052 467 1072 tumba
476 1053 502 1068 est
511 1053 576 1073 erecta,
586 1051 698 1069 crebrescen-

129 1075 173 1092 tibus
186 1075 207 1092 nd
220 1075 291 1093 tumbam
305 1076 341 1093 eius
350 1076 412 1094 cotidie
423 1076 506 1094 miraculis
516 1077 533 1094 et
541 1076 639 1098 virtutibus,
652 1081 699 1093 non-
