<?xml version="1.0" encoding="UTF-8"?>
<!DOCTYPE html PUBLIC "-//W3C//DTD XHTML 1.0 Transitional//EN"
    "http://www.w3.org/TR/xhtml1/DTD/xhtml1-transitional.dtd">
<html xmlns="http://www.w3.org/1999/xhtml" xml:lang="en" lang="en">
 <head>
  <title>
</title>
<meta http-equiv="Content-Type" content="text/html;charset=utf-8" />
  <meta name='ocr-system' content='tesseract 3.04.00' />
  <meta name='ocr-capabilities' content='ocr_page ocr_carea ocr_par ocr_line ocrx_word'/>
</head>
<body>
  <div class='ocr_page' id='page_1' title='image "./fontesrerumgerm05hubegoog_0407.png"; bbox 0 0 738 1221; ppageno 0'>
   <div class='ocr_carea' id='block_1_1' title="bbox 119 51 509 70">
    <p class='ocr_par' dir='ltr' id='par_1_1' title="bbox 119 51 509 70">
     <span class='ocr_line' id='line_1_1' title="bbox 119 51 509 70; baseline 0.003 -2"><span class='ocrx_word' id='word_1_1' title='bbox 119 51 154 68; x_wconf 58' lang='lat'>³46</span> <span class='ocrx_word' id='word_1_2' title='bbox 293 58 312 69; x_wconf 70' lang='lat' dir='ltr'>nx</span> <span class='ocrx_word' id='word_1_3' title='bbox 322 58 407 70; x_wconf 71' lang='lat' dir='ltr'>nonarum)</span> <span class='ocrx_word' id='word_1_4' title='bbox 418 58 509 70; x_wconf 65' lang='lat' dir='ltr'>cononem.</span> 
     </span>
    </p>
   </div>
   <div class='ocr_carea' id='block_1_2' title="bbox 77 92 686 1081">
    <p class='ocr_par' dir='ltr' id='par_1_2' title="bbox 77 92 685 313">
     <span class='ocr_line' id='line_1_2' title="bbox 77 92 684 115; baseline 0.002 -6"><span class='ocrx_word' id='word_1_5' title='bbox 77 95 111 109; x_wconf 72' lang='lat'>¹208</span> <span class='ocrx_word' id='word_1_6' title='bbox 120 93 187 110; x_wconf 83' lang='lat' dir='ltr'>chorum</span> <span class='ocrx_word' id='word_1_7' title='bbox 200 93 255 110; x_wconf 80' lang='lat' dir='ltr'>saneti</span> <span class='ocrx_word' id='word_1_8' title='bbox 267 92 322 114; x_wconf 78' lang='lat' dir='ltr'>Egidii</span> <span class='ocrx_word' id='word_1_9' title='bbox 334 92 440 115; x_wconf 77' lang='lat' dir='ltr'>translatum,</span> <span class='ocrx_word' id='word_1_10' title='bbox 453 92 513 109; x_wconf 81' lang='lat' dir='ltr'>ibidem</span> <span class='ocrx_word' id='word_1_11' title='bbox 522 92 543 109; x_wconf 84' lang='lat' dir='ltr'>ab</span> <span class='ocrx_word' id='word_1_12' title='bbox 552 93 612 110; x_wconf 73' lang='lat' dir='ltr'>abbate</span> <span class='ocrx_word' id='word_1_13' title='bbox 621 95 640 110; x_wconf 83' lang='lat' dir='ltr'>et</span> <span class='ocrx_word' id='word_1_14' title='bbox 648 93 684 110; x_wconf 80' lang='lat' dir='ltr'>fra-</span> 
     </span>
     <span class='ocr_line' id='line_1_3' title="bbox 118 117 684 140; baseline 0 -6"><span class='ocrx_word' id='word_1_15' title='bbox 118 118 170 135; x_wconf 84' lang='lat' dir='ltr'>tribus</span> <span class='ocrx_word' id='word_1_16' title='bbox 183 118 266 140; x_wconf 88' lang='lat' dir='ltr'>sepultum</span> <span class='ocrx_word' id='word_1_17' title='bbox 278 119 308 134; x_wconf 69' lang='lat' dir='ltr'>est⁴</span> <span class='ocrx_word' id='word_1_18' title='bbox 325 117 359 135; x_wconf 88' lang='lat' dir='ltr'>Sed</span> <span class='ocrx_word' id='word_1_19' title='bbox 368 119 453 134; x_wconf 86' lang='lat' dir='ltr'>transacto</span> <span class='ocrx_word' id='word_1_20' title='bbox 465 122 510 135; x_wconf 83' lang='lat' dir='ltr'>anno</span> <span class='ocrx_word' id='word_1_21' title='bbox 523 122 561 134; x_wconf 92' lang='lat' dir='ltr'>cum</span> <span class='ocrx_word' id='word_1_22' title='bbox 573 122 595 135; x_wconf 80' lang='lat' dir='ltr'>ex</span> <span class='ocrx_word' id='word_1_23' title='bbox 607 118 684 135; x_wconf 82' lang='lat' dir='ltr'>iussione</span> 
     </span>
     <span class='ocr_line' id='line_1_4' title="bbox 118 142 685 164; baseline 0 -5"><span class='ocrx_word' id='word_1_24' title='bbox 118 143 176 159; x_wconf 92' lang='lat' dir='ltr'>summi</span> <span class='ocrx_word' id='word_1_25' title='bbox 189 142 273 164; x_wconf 78' lang='lat' dir='ltr'>pontilicis</span> <span class='ocrx_word' id='word_1_26' title='bbox 286 142 391 164; x_wconf 80' lang='lat' dir='ltr'>sepulchrum</span> <span class='ocrx_word' id='word_1_27' title='bbox 403 142 501 164; x_wconf 79' lang='lat' dir='ltr'>aperiretur,</span> <span class='ocrx_word' id='word_1_28' title='bbox 512 144 529 159; x_wconf 94' lang='lat' dir='ltr'>ut</span> <span class='ocrx_word' id='word_1_29' title='bbox 538 146 598 164; x_wconf 89' lang='lat' dir='ltr'>corpus</span> <span class='ocrx_word' id='word_1_30' title='bbox 607 143 685 164; x_wconf 80' lang='lat' dir='ltr'>martyris</span> 
     </span>
     <span class='ocr_line' id='line_1_5' title="bbox 118 166 684 184; baseline 0 0"><span class='ocrx_word' id='word_1_31' title='bbox 118 168 135 184; x_wconf 87' lang='lat' dir='ltr'>in</span> <span class='ocrx_word' id='word_1_32' title='bbox 146 167 235 184; x_wconf 81' lang='lat' dir='ltr'>ecclesiam</span> <span class='ocrx_word' id='word_1_33' title='bbox 250 167 346 184; x_wconf 81' lang='lat' dir='ltr'>translatum</span> <span class='ocrx_word' id='word_1_34' title='bbox 358 167 374 184; x_wconf 91' lang='lat' dir='ltr'>in</span> <span class='ocrx_word' id='word_1_35' title='bbox 388 167 426 184; x_wconf 82' lang='lat' dir='ltr'>loco</span> <span class='ocrx_word' id='word_1_36' title='bbox 441 166 533 184; x_wconf 72' lang='lat' dir='ltr'>decentiori</span> <span class='ocrx_word' id='word_1_37' title='bbox 546 168 593 184; x_wconf 85' lang='lat' dir='ltr'>iuxta</span> <span class='ocrx_word' id='word_1_38' title='bbox 610 167 684 184; x_wconf 77' lang='lat' dir='ltr'>tumbam</span> 
     </span>
     <span class='ocr_line' id='line_1_6' title="bbox 118 191 684 214; baseline -0.002 -5"><span class='ocrx_word' id='word_1_39' title='bbox 118 192 172 209; x_wconf 81' lang='lat' dir='ltr'>saneti</span> <span class='ocrx_word' id='word_1_40' title='bbox 185 191 239 213; x_wconf 75' lang='lat' dir='ltr'>Egidii</span> <span class='ocrx_word' id='word_1_41' title='bbox 251 194 348 214; x_wconf 73' lang='lat' dir='ltr'>poneretur,</span> <span class='ocrx_word' id='word_1_42' title='bbox 361 192 385 209; x_wconf 80' lang='lat' dir='ltr'>ita</span> <span class='ocrx_word' id='word_1_43' title='bbox 397 196 455 209; x_wconf 82' lang='lat' dir='ltr'>recens</span> <span class='ocrx_word' id='word_1_44' title='bbox 468 196 519 209; x_wconf 75' lang='lat' dir='ltr'>earne</span> <span class='ocrx_word' id='word_1_45' title='bbox 528 193 545 208; x_wconf 84' lang='lat' dir='ltr'>et</span> <span class='ocrx_word' id='word_1_46' title='bbox 554 192 638 213; x_wconf 75' lang='lat' dir='ltr'>sanguine</span> <span class='ocrx_word' id='word_1_47' title='bbox 647 192 684 209; x_wconf 75' lang='lat' dir='ltr'>sine</span> 
     </span>
     <span class='ocr_line' id='line_1_7' title="bbox 118 216 684 239; baseline 0 -6"><span class='ocrx_word' id='word_1_48' title='bbox 118 217 174 238; x_wconf 79' lang='lat' dir='ltr'>aliqua</span> <span class='ocrx_word' id='word_1_49' title='bbox 185 217 290 239; x_wconf 71' lang='lat' dir='ltr'>corruptione</span> <span class='ocrx_word' id='word_1_50' title='bbox 302 217 386 233; x_wconf 66' lang='lat' dir='ltr'>inventum</span> <span class='ocrx_word' id='word_1_51' title='bbox 399 218 431 239; x_wconf 82' lang='lat' dir='ltr'>est,</span> <span class='ocrx_word' id='word_1_52' title='bbox 444 221 464 233; x_wconf 80' lang='lat' dir='ltr'>ac</span> <span class='ocrx_word' id='word_1_53' title='bbox 473 217 488 233; x_wconf 87' lang='lat' dir='ltr'>si</span> <span class='ocrx_word' id='word_1_54' title='bbox 497 216 556 234; x_wconf 87' lang='lat' dir='ltr'>eodem</span> <span class='ocrx_word' id='word_1_55' title='bbox 565 216 592 234; x_wconf 92' lang='lat' dir='ltr'>die</span> <span class='ocrx_word' id='word_1_56' title='bbox 602 216 624 233; x_wconf 87' lang='lat' dir='ltr'>ibi</span> <span class='ocrx_word' id='word_1_57' title='bbox 634 217 684 238; x_wconf 82' lang='lat' dir='ltr'>posi-</span> 
     </span>
     <span class='ocr_line' id='line_1_8' title="bbox 118 241 684 263; baseline 0 -5"><span class='ocrx_word' id='word_1_58' title='bbox 118 243 151 258; x_wconf 81' lang='lat' dir='ltr'>tum</span> <span class='ocrx_word' id='word_1_59' title='bbox 161 241 225 258; x_wconf 54' lang='lat' dir='ltr'>suisset</span> <span class='ocrx_word' id='word_1_60' title='bbox 243 241 296 258; x_wconf 84' lang='lat' dir='ltr'>Tanta</span> <span class='ocrx_word' id='word_1_61' title='bbox 305 242 358 258; x_wconf 89' lang='lat' dir='ltr'>eciam</span> <span class='ocrx_word' id='word_1_62' title='bbox 368 241 402 258; x_wconf 85' lang='lat' dir='ltr'>illio</span> <span class='ocrx_word' id='word_1_63' title='bbox 411 241 504 263; x_wconf 78' lang='lat' dir='ltr'>fragrancia</span> <span class='ocrx_word' id='word_1_64' title='bbox 518 242 614 258; x_wconf 75' lang='lat' dir='ltr'>suavissimi</span> <span class='ocrx_word' id='word_1_65' title='bbox 627 241 684 259; x_wconf 81' lang='lat' dir='ltr'>odoris</span> 
     </span>
     <span class='ocr_line' id='line_1_9' title="bbox 118 266 684 288; baseline 0 -5"><span class='ocrx_word' id='word_1_66' title='bbox 118 266 206 287; x_wconf 79' lang='lat' dir='ltr'>emanavit,</span> <span class='ocrx_word' id='word_1_67' title='bbox 215 268 233 283; x_wconf 85' lang='lat' dir='ltr'>nt</span> <span class='ocrx_word' id='word_1_68' title='bbox 243 266 270 288; x_wconf 81' lang='lat' dir='ltr'>qui</span> <span class='ocrx_word' id='word_1_69' title='bbox 278 268 365 288; x_wconf 73' lang='lat' dir='ltr'>presentes</span> <span class='ocrx_word' id='word_1_70' title='bbox 373 266 447 288; x_wconf 85' lang='lat' dir='ltr'>aderant,</span> <span class='ocrx_word' id='word_1_71' title='bbox 457 268 508 283; x_wconf 80' lang='lat' dir='ltr'>totam</span> <span class='ocrx_word' id='word_1_72' title='bbox 517 266 605 283; x_wconf 75' lang='lat' dir='ltr'>ecclesium</span> <span class='ocrx_word' id='word_1_73' title='bbox 617 266 684 288; x_wconf 84' lang='lat' dir='ltr'>plenam</span> 
     </span>
     <span class='ocr_line' id='line_1_10' title="bbox 118 291 358 313; baseline 0 -5"><span class='ocrx_word' id='word_1_74' title='bbox 118 291 219 308; x_wconf 73' lang='lat' dir='ltr'>aromatibus</span> <span class='ocrx_word' id='word_1_75' title='bbox 228 295 267 308; x_wconf 90' lang='lat' dir='ltr'>esse</span> <span class='ocrx_word' id='word_1_76' title='bbox 277 292 358 313; x_wconf 79' lang='lat' dir='ltr'>putarent.</span> 
     </span>
    </p>

    <p class='ocr_par' dir='ltr' id='par_1_3' title="bbox 118 315 686 432">
     <span class='ocr_line' id='line_1_11' title="bbox 155 315 685 339; baseline 0 -6"><span class='ocrx_word' id='word_1_77' title='bbox 155 315 195 333; x_wconf 78' lang='lat' dir='ltr'>Otto</span> <span class='ocrx_word' id='word_1_78' title='bbox 204 316 287 338; x_wconf 86' lang='lat' dir='ltr'>palatinus</span> <span class='ocrx_word' id='word_1_79' title='bbox 297 320 363 338; x_wconf 81' lang='lat' dir='ltr'>eomes,</span> <span class='ocrx_word' id='word_1_80' title='bbox 376 316 471 333; x_wconf 74' lang='lat' dir='ltr'>interfector</span> <span class='ocrx_word' id='word_1_81' title='bbox 483 316 553 338; x_wconf 84' lang='lat' dir='ltr'>Philippi</span> <span class='ocrx_word' id='word_1_82' title='bbox 565 317 623 339; x_wconf 75' lang='lat' dir='ltr'>regis,</span> <span class='ocrx_word' id='word_1_83' title='bbox 639 317 685 334; x_wconf 82' lang='lat' dir='ltr'>iuxta</span> 
     </span>
     <span class='ocr_line' id='line_1_12' title="bbox 118 340 685 363; baseline 0.002 -6"><span class='ocrx_word' id='word_1_84' title='bbox 118 341 211 358; x_wconf 78' lang='lat' dir='ltr'>Danubium</span> <span class='ocrx_word' id='word_1_85' title='bbox 225 341 241 357; x_wconf 87' lang='lat' dir='ltr'>in</span> <span class='ocrx_word' id='word_1_86' title='bbox 255 340 325 363; x_wconf 83' lang='lat' dir='ltr'>quadarn</span> <span class='ocrx_word' id='word_1_87' title='bbox 339 341 380 357; x_wconf 82' lang='lat' dir='ltr'>onrti</span> <span class='ocrx_word' id='word_1_88' title='bbox 393 341 511 358; x_wconf 76' lang='lat' dir='ltr'>monachorum</span> <span class='ocrx_word' id='word_1_89' title='bbox 523 341 544 358; x_wconf 78' lang='lat' dir='ltr'>de</span> <span class='ocrx_word' id='word_1_90' title='bbox 556 341 610 358; x_wconf 81' lang='lat' dir='ltr'>Evera</span> <span class='ocrx_word' id='word_1_91' title='bbox 623 341 685 363; x_wconf 75' lang='lat' dir='ltr'>latens,</span> 
     </span>
     <span class='ocr_line' id='line_1_13' title="bbox 118 365 686 388; baseline 0.002 -6"><span class='ocrx_word' id='word_1_92' title='bbox 118 365 197 383; x_wconf 84' lang='lat' dir='ltr'>Heinrico</span> <span class='ocrx_word' id='word_1_93' title='bbox 206 365 227 382; x_wconf 81' lang='lat' dir='ltr'>de</span> <span class='ocrx_word' id='word_1_94' title='bbox 236 365 320 382; x_wconf 84' lang='lat' dir='ltr'>Knlinthiu</span> <span class='ocrx_word' id='word_1_95' title='bbox 329 365 413 388; x_wconf 78' lang='lat' dir='ltr'>proditus,</span> <span class='ocrx_word' id='word_1_96' title='bbox 422 367 439 382; x_wconf 84' lang='lat' dir='ltr'>et</span> <span class='ocrx_word' id='word_1_97' title='bbox 448 370 486 383; x_wconf 81' lang='lat' dir='ltr'>mox</span> <span class='ocrx_word' id='word_1_98' title='bbox 494 370 504 383; x_wconf 81' lang='lat' dir='ltr'>a</span> <span class='ocrx_word' id='word_1_99' title='bbox 512 366 591 383; x_wconf 82' lang='lat' dir='ltr'>militibus</span> <span class='ocrx_word' id='word_1_100' title='bbox 602 366 640 383; x_wconf 83' lang='lat' dir='ltr'>eius</span> <span class='ocrx_word' id='word_1_101' title='bbox 652 366 686 383; x_wconf 50' lang='lat' dir='ltr'>cira</span> 
     </span>
     <span class='ocr_line' id='line_1_14' title="bbox 119 390 685 413; baseline 0 -6"><span class='ocrx_word' id='word_1_102' title='bbox 119 392 225 412; x_wconf 78' lang='lat' dir='ltr'>eumventus,</span> <span class='ocrx_word' id='word_1_103' title='bbox 238 390 327 407; x_wconf 81' lang='lat' dir='ltr'>crudeliter</span> <span class='ocrx_word' id='word_1_104' title='bbox 338 390 427 413; x_wconf 68' lang='lat' dir='ltr'>occiditur,</span> <span class='ocrx_word' id='word_1_105' title='bbox 440 392 457 407; x_wconf 88' lang='lat' dir='ltr'>ct</span> <span class='ocrx_word' id='word_1_106' title='bbox 469 392 487 407; x_wconf 80' lang='lat' dir='ltr'>ut</span> <span class='ocrx_word' id='word_1_107' title='bbox 500 390 556 408; x_wconf 81' lang='lat' dir='ltr'>decuit</span> <span class='ocrx_word' id='word_1_108' title='bbox 567 391 618 412; x_wconf 78' lang='lat' dir='ltr'>digna</span> <span class='ocrx_word' id='word_1_109' title='bbox 633 392 685 408; x_wconf 85' lang='lat' dir='ltr'>morte</span> 
     </span>
     <span class='ocr_line' id='line_1_15' title="bbox 118 415 234 432; baseline 0 0"><span class='ocrx_word' id='word_1_110' title='bbox 118 416 168 432; x_wconf 80' lang='lat' dir='ltr'>vitam</span> <span class='ocrx_word' id='word_1_111' title='bbox 178 415 234 432; x_wconf 78' lang='lat' dir='ltr'>linivit.</span> 
     </span>
    </p>

    <p class='ocr_par' dir='ltr' id='par_1_4' title="bbox 119 439 685 610">
     <span class='ocr_line' id='line_1_16' title="bbox 156 439 684 462; baseline 0 -5"><span class='ocrx_word' id='word_1_112' title='bbox 156 440 197 457; x_wconf 82' lang='lat' dir='ltr'>Item</span> <span class='ocrx_word' id='word_1_113' title='bbox 209 440 245 462; x_wconf 85' lang='lat' dir='ltr'>ipso</span> <span class='ocrx_word' id='word_1_114' title='bbox 259 444 303 457; x_wconf 84' lang='lat' dir='ltr'>anno</span> <span class='ocrx_word' id='word_1_115' title='bbox 316 440 338 457; x_wconf 83' lang='lat' dir='ltr'>iii.</span> <span class='ocrx_word' id='word_1_116' title='bbox 347 440 369 457; x_wconf 89' lang='lat' dir='ltr'>id.</span> <span class='ocrx_word' id='word_1_117' title='bbox 379 440 435 462; x_wconf 75' lang='lat' dir='ltr'>aprilis</span> <span class='ocrx_word' id='word_1_118' title='bbox 448 439 498 457; x_wconf 85' lang='lat' dir='ltr'>allate</span> <span class='ocrx_word' id='word_1_119' title='bbox 508 441 546 457; x_wconf 84' lang='lat' dir='ltr'>sunt</span> <span class='ocrx_word' id='word_1_120' title='bbox 555 440 604 457; x_wconf 79' lang='lat' dir='ltr'>nonis</span> <span class='ocrx_word' id='word_1_121' title='bbox 614 440 684 462; x_wconf 71' lang='lat' dir='ltr'>reliquie</span> 
     </span>
     <span class='ocr_line' id='line_1_17' title="bbox 119 464 684 487; baseline -0.002 -5"><span class='ocrx_word' id='word_1_122' title='bbox 119 465 178 487; x_wconf 74' lang='lat' dir='ltr'>eapitis</span> <span class='ocrx_word' id='word_1_123' title='bbox 192 465 236 482; x_wconf 80' lang='lat' dir='ltr'>beati</span> <span class='ocrx_word' id='word_1_124' title='bbox 246 465 352 482; x_wconf 78' lang='lat' dir='ltr'>Pantaleonis</span> <span class='ocrx_word' id='word_1_125' title='bbox 362 465 426 487; x_wconf 89' lang='lat' dir='ltr'>patroni</span> <span class='ocrx_word' id='word_1_126' title='bbox 436 465 492 482; x_wconf 84' lang='lat' dir='ltr'>nostri.</span> <span class='ocrx_word' id='word_1_127' title='bbox 505 464 541 484; x_wconf 88' lang='lat' dir='ltr'>Que</span> <span class='ocrx_word' id='word_1_128' title='bbox 551 469 580 487; x_wconf 87' lang='lat' dir='ltr'>per</span> <span class='ocrx_word' id='word_1_129' title='bbox 589 465 684 482; x_wconf 85' lang='lat' dir='ltr'>Heinrioum</span> 
     </span>
     <span class='ocr_line' id='line_1_18' title="bbox 119 489 685 511; baseline 0 -5"><span class='ocrx_word' id='word_1_130' title='bbox 119 489 140 506; x_wconf 92' lang='lat' dir='ltr'>de</span> <span class='ocrx_word' id='word_1_131' title='bbox 151 490 220 507; x_wconf 88' lang='lat' dir='ltr'>Ulmene</span> <span class='ocrx_word' id='word_1_132' title='bbox 229 489 250 506; x_wconf 78' lang='lat' dir='ltr'>de</span> <span class='ocrx_word' id='word_1_133' title='bbox 261 489 406 511; x_wconf 78' lang='lat' dir='ltr'>Constantinopoli</span> <span class='ocrx_word' id='word_1_134' title='bbox 417 494 454 506; x_wconf 86' lang='lat' dir='ltr'>cnm</span> <span class='ocrx_word' id='word_1_135' title='bbox 463 490 500 506; x_wconf 90' lang='lat' dir='ltr'>aliis</span> <span class='ocrx_word' id='word_1_136' title='bbox 509 489 599 506; x_wconf 85' lang='lat' dir='ltr'>innumeris</span> <span class='ocrx_word' id='word_1_137' title='bbox 610 490 685 511; x_wconf 80' lang='lat' dir='ltr'>reliquiis</span> 
     </span>
     <span class='ocr_line' id='line_1_19' title="bbox 119 514 684 536; baseline 0 -5"><span class='ocrx_word' id='word_1_138' title='bbox 119 514 207 536; x_wconf 78' lang='lat' dir='ltr'>translate,</span> <span class='ocrx_word' id='word_1_139' title='bbox 217 516 234 531; x_wconf 88' lang='lat' dir='ltr'>et</span> <span class='ocrx_word' id='word_1_140' title='bbox 243 514 264 531; x_wconf 83' lang='lat' dir='ltr'>ab</span> <span class='ocrx_word' id='word_1_141' title='bbox 273 519 293 531; x_wconf 84' lang='lat' dir='ltr'>eo</span> <span class='ocrx_word' id='word_1_142' title='bbox 303 519 332 536; x_wconf 90' lang='lat' dir='ltr'>per</span> <span class='ocrx_word' id='word_1_143' title='bbox 339 514 417 531; x_wconf 86' lang='lat' dir='ltr'>domuum</span> <span class='ocrx_word' id='word_1_144' title='bbox 426 514 511 531; x_wconf 81' lang='lat' dir='ltr'>Albertum</span> <span class='ocrx_word' id='word_1_145' title='bbox 521 514 598 531; x_wconf 78' lang='lat' dir='ltr'>abbatem</span> <span class='ocrx_word' id='word_1_146' title='bbox 606 514 628 531; x_wconf 89' lang='lat' dir='ltr'>de</span> <span class='ocrx_word' id='word_1_147' title='bbox 638 514 684 531; x_wconf 85' lang='lat' dir='ltr'>Lacu</span> 
     </span>
     <span class='ocr_line' id='line_1_20' title="bbox 119 539 684 561; baseline 0 -5"><span class='ocrx_word' id='word_1_148' title='bbox 119 539 168 556; x_wconf 81' lang='lat' dir='ltr'>nobis</span> <span class='ocrx_word' id='word_1_149' title='bbox 182 539 287 561; x_wconf 84' lang='lat' dir='ltr'>transmisse,</span> <span class='ocrx_word' id='word_1_150' title='bbox 301 540 317 556; x_wconf 91' lang='lat' dir='ltr'>et</span> <span class='ocrx_word' id='word_1_151' title='bbox 329 543 365 556; x_wconf 80' lang='lat' dir='ltr'>euin</span> <span class='ocrx_word' id='word_1_152' title='bbox 378 539 448 556; x_wconf 78' lang='lat' dir='ltr'>maxima</span> <span class='ocrx_word' id='word_1_153' title='bbox 461 539 568 556; x_wconf 77' lang='lat' dir='ltr'>veneratione</span> <span class='ocrx_word' id='word_1_154' title='bbox 581 540 636 556; x_wconf 82' lang='lat' dir='ltr'>tocius</span> <span class='ocrx_word' id='word_1_155' title='bbox 645 539 684 556; x_wconf 80' lang='lat' dir='ltr'>eteri</span> 
     </span>
     <span class='ocr_line' id='line_1_21' title="bbox 119 564 685 586; baseline 0 -6"><span class='ocrx_word' id='word_1_156' title='bbox 119 565 136 581; x_wconf 84' lang='lat' dir='ltr'>et</span> <span class='ocrx_word' id='word_1_157' title='bbox 148 564 206 586; x_wconf 85' lang='lat' dir='ltr'>populi</span> <span class='ocrx_word' id='word_1_158' title='bbox 219 565 307 586; x_wconf 73' lang='lat' dir='ltr'>suscepte,</span> <span class='ocrx_word' id='word_1_159' title='bbox 321 564 406 581; x_wconf 80' lang='lat' dir='ltr'>recondite</span> <span class='ocrx_word' id='word_1_160' title='bbox 419 566 458 580; x_wconf 81' lang='lat' dir='ltr'>sunt</span> <span class='ocrx_word' id='word_1_161' title='bbox 467 568 503 581; x_wconf 84' lang='lat' dir='ltr'>oum</span> <span class='ocrx_word' id='word_1_162' title='bbox 512 564 548 580; x_wconf 76' lang='lat' dir='ltr'>aliis</span> <span class='ocrx_word' id='word_1_163' title='bbox 558 564 685 586; x_wconf 75' lang='lat' dir='ltr'>pretiosissimis</span> 
     </span>
     <span class='ocr_line' id='line_1_22' title="bbox 119 588 491 610; baseline 0 -5"><span class='ocrx_word' id='word_1_164' title='bbox 119 588 193 610; x_wconf 83' lang='lat' dir='ltr'>reliquiis</span> <span class='ocrx_word' id='word_1_165' title='bbox 202 589 218 605; x_wconf 92' lang='lat' dir='ltr'>in</span> <span class='ocrx_word' id='word_1_166' title='bbox 228 589 283 610; x_wconf 86' lang='lat' dir='ltr'>capite</span> <span class='ocrx_word' id='word_1_167' title='bbox 291 590 372 610; x_wconf 79' lang='lat' dir='ltr'>argenteo</span> <span class='ocrx_word' id='word_1_168' title='bbox 382 590 399 605; x_wconf 94' lang='lat' dir='ltr'>et</span> <span class='ocrx_word' id='word_1_169' title='bbox 407 588 491 605; x_wconf 81' lang='lat' dir='ltr'>deaurato.</span> 
     </span>
    </p>

    <p class='ocr_par' dir='ltr' id='par_1_5' title="bbox 118 613 685 908">
     <span class='ocr_line' id='line_1_23' title="bbox 156 613 685 636; baseline 0 -6"><span class='ocrx_word' id='word_1_170' title='bbox 156 615 205 630; x_wconf 82' lang='lat' dir='ltr'>Anno</span> <span class='ocrx_word' id='word_1_171' title='bbox 216 613 278 630; x_wconf 85' lang='lat' dir='ltr'>domini</span> <span class='ocrx_word' id='word_1_172' title='bbox 291 613 376 630; x_wconf 76' lang='lat' dir='ltr'>m.cc.viiii.</span> <span class='ocrx_word' id='word_1_173' title='bbox 387 614 496 630; x_wconf 78' lang='lat' dir='ltr'>Innocentius</span> <span class='ocrx_word' id='word_1_174' title='bbox 506 618 548 635; x_wconf 80' lang='lat' dir='ltr'>papa</span> <span class='ocrx_word' id='word_1_175' title='bbox 559 613 630 630; x_wconf 80' lang='lat' dir='ltr'>audiens</span> <span class='ocrx_word' id='word_1_176' title='bbox 640 614 685 636; x_wconf 75' lang='lat' dir='ltr'>prin—</span> 
     </span>
     <span class='ocr_line' id='line_1_24' title="bbox 119 637 684 660; baseline 0 -5"><span class='ocrx_word' id='word_1_177' title='bbox 119 638 165 660; x_wconf 79' lang='lat' dir='ltr'>cipes</span> <span class='ocrx_word' id='word_1_178' title='bbox 178 639 232 655; x_wconf 84' lang='lat' dir='ltr'>tocius</span> <span class='ocrx_word' id='word_1_179' title='bbox 244 639 308 660; x_wconf 88' lang='lat' dir='ltr'>imperii</span> <span class='ocrx_word' id='word_1_180' title='bbox 318 637 396 655; x_wconf 84' lang='lat' dir='ltr'>Ottonem</span> <span class='ocrx_word' id='word_1_181' title='bbox 408 638 425 655; x_wconf 86' lang='lat' dir='ltr'>in</span> <span class='ocrx_word' id='word_1_182' title='bbox 438 643 495 660; x_wconf 71' lang='lat' dir='ltr'>regern</span> <span class='ocrx_word' id='word_1_183' title='bbox 504 638 586 660; x_wconf 71' lang='lat' dir='ltr'>elegisse,</span> <span class='ocrx_word' id='word_1_184' title='bbox 599 640 616 655; x_wconf 90' lang='lat' dir='ltr'>et</span> <span class='ocrx_word' id='word_1_185' title='bbox 627 642 684 655; x_wconf 82' lang='lat' dir='ltr'>eorum</span> 
     </span>
     <span class='ocr_line' id='line_1_25' title="bbox 119 663 685 685; baseline -0.002 -5"><span class='ocrx_word' id='word_1_186' title='bbox 119 663 190 680; x_wconf 78' lang='lat' dir='ltr'>oonsilio</span> <span class='ocrx_word' id='word_1_187' title='bbox 206 663 275 685; x_wconf 87' lang='lat' dir='ltr'>Philippi</span> <span class='ocrx_word' id='word_1_188' title='bbox 292 663 337 684; x_wconf 72' lang='lat' dir='ltr'>regis</span> <span class='ocrx_word' id='word_1_189' title='bbox 352 663 402 680; x_wconf 82' lang='lat' dir='ltr'>[iliam</span> <span class='ocrx_word' id='word_1_190' title='bbox 417 663 493 685; x_wconf 83' lang='lat' dir='ltr'>quamvis</span> <span class='ocrx_word' id='word_1_191' title='bbox 510 663 658 684; x_wconf 78' lang='lat' dir='ltr'>consanguinitate</span> <span class='ocrx_word' id='word_1_192' title='bbox 670 663 685 679; x_wconf 90' lang='lat' dir='ltr'>ei</span> 
     </span>
     <span class='ocr_line' id='line_1_26' title="bbox 119 687 683 710; baseline 0 -6"><span class='ocrx_word' id='word_1_193' title='bbox 119 688 191 705; x_wconf 85' lang='lat' dir='ltr'>iunctam</span> <span class='ocrx_word' id='word_1_194' title='bbox 199 690 267 710; x_wconf 85' lang='lat' dir='ltr'>propter</span> <span class='ocrx_word' id='word_1_195' title='bbox 277 688 339 704; x_wconf 89' lang='lat' dir='ltr'>honum</span> <span class='ocrx_word' id='word_1_196' title='bbox 349 688 396 710; x_wconf 80' lang='lat' dir='ltr'>pacis</span> <span class='ocrx_word' id='word_1_197' title='bbox 403 689 420 704; x_wconf 79' lang='lat' dir='ltr'>et</span> <span class='ocrx_word' id='word_1_198' title='bbox 428 687 518 705; x_wconf 77' lang='lat' dir='ltr'>concordie</span> <span class='ocrx_word' id='word_1_199' title='bbox 524 687 547 704; x_wconf 90' lang='lat' dir='ltr'>illi</span> <span class='ocrx_word' id='word_1_200' title='bbox 554 688 570 704; x_wconf 93' lang='lat' dir='ltr'>in</span> <span class='ocrx_word' id='word_1_201' title='bbox 580 688 683 705; x_wconf 67' lang='lat' dir='ltr'>matrimonio</span> 
     </span>
     <span class='ocr_line' id='line_1_27' title="bbox 119 712 683 735; baseline 0 -6"><span class='ocrx_word' id='word_1_202' title='bbox 119 713 206 734; x_wconf 84' lang='lat' dir='ltr'>sociasse,</span> <span class='ocrx_word' id='word_1_203' title='bbox 215 713 272 729; x_wconf 85' lang='lat' dir='ltr'>iterum</span> <span class='ocrx_word' id='word_1_204' title='bbox 283 712 388 734; x_wconf 83' lang='lat' dir='ltr'>supradictos</span> <span class='ocrx_word' id='word_1_205' title='bbox 402 712 505 735; x_wconf 88' lang='lat' dir='ltr'>cardinales,</span> <span class='ocrx_word' id='word_1_206' title='bbox 519 713 584 729; x_wconf 78' lang='lat' dir='ltr'>scilicet</span> <span class='ocrx_word' id='word_1_207' title='bbox 594 712 683 734; x_wconf 80' lang='lat' dir='ltr'>Hugonein</span> 
     </span>
     <span class='ocr_line' id='line_1_28' title="bbox 119 736 683 759; baseline 0 -5"><span class='ocrx_word' id='word_1_208' title='bbox 119 736 215 754; x_wconf 87' lang='lat' dir='ltr'>Ostiensem</span> <span class='ocrx_word' id='word_1_209' title='bbox 224 737 321 759; x_wconf 80' lang='lat' dir='ltr'>episcopum</span> <span class='ocrx_word' id='word_1_210' title='bbox 330 739 347 754; x_wconf 92' lang='lat' dir='ltr'>et</span> <span class='ocrx_word' id='word_1_211' title='bbox 354 737 436 759; x_wconf 76' lang='lat' dir='ltr'>Leonem,</span> <span class='ocrx_word' id='word_1_212' title='bbox 445 737 462 754; x_wconf 86' lang='lat' dir='ltr'>in</span> <span class='ocrx_word' id='word_1_213' title='bbox 471 736 585 754; x_wconf 80' lang='lat' dir='ltr'>Alemanniam</span> <span class='ocrx_word' id='word_1_214' title='bbox 594 737 616 754; x_wconf 83' lang='lat' dir='ltr'>ad</span> <span class='ocrx_word' id='word_1_215' title='bbox 628 741 683 759; x_wconf 78' lang='lat' dir='ltr'>regern</span> 
     </span>
     <span class='ocr_line' id='line_1_29' title="bbox 119 761 683 784; baseline 0.002 -6"><span class='ocrx_word' id='word_1_216' title='bbox 119 763 137 779; x_wconf 91' lang='lat' dir='ltr'>et</span> <span class='ocrx_word' id='word_1_217' title='bbox 150 762 234 784; x_wconf 80' lang='lat' dir='ltr'>principes</span> <span class='ocrx_word' id='word_1_218' title='bbox 247 762 299 784; x_wconf 76' lang='lat' dir='ltr'>misit,</span> <span class='ocrx_word' id='word_1_219' title='bbox 311 764 328 778; x_wconf 82' lang='lat' dir='ltr'>ct</span> <span class='ocrx_word' id='word_1_220' title='bbox 339 762 384 784; x_wconf 79' lang='lat' dir='ltr'>quod</span> <span class='ocrx_word' id='word_1_221' title='bbox 399 761 461 779; x_wconf 80' lang='lat' dir='ltr'>foetum</span> <span class='ocrx_word' id='word_1_222' title='bbox 475 761 528 779; x_wconf 73' lang='lat' dir='ltr'>fuerat</span> <span class='ocrx_word' id='word_1_223' title='bbox 540 762 639 779; x_wconf 72' lang='lat' dir='ltr'>auctoritate</span> <span class='ocrx_word' id='word_1_224' title='bbox 653 766 683 778; x_wconf 85' lang='lat' dir='ltr'>sua</span> 
     </span>
     <span class='ocr_line' id='line_1_30' title="bbox 118 786 683 808; baseline 0 -5"><span class='ocrx_word' id='word_1_225' title='bbox 118 786 225 804; x_wconf 76' lang='lat' dir='ltr'>confirmavit.</span> <span class='ocrx_word' id='word_1_226' title='bbox 239 786 270 806; x_wconf 86' lang='lat' dir='ltr'>Qui</span> <span class='ocrx_word' id='word_1_227' title='bbox 279 786 331 804; x_wconf 74' lang='lat' dir='ltr'>eciam</span> <span class='ocrx_word' id='word_1_228' title='bbox 341 786 416 808; x_wconf 78' lang='lat' dir='ltr'>singulas</span> <span class='ocrx_word' id='word_1_229' title='bbox 425 787 501 804; x_wconf 78' lang='lat' dir='ltr'>civitates</span> <span class='ocrx_word' id='word_1_230' title='bbox 512 789 543 803; x_wconf 81' lang='lat' dir='ltr'>tarn</span> <span class='ocrx_word' id='word_1_231' title='bbox 551 786 625 803; x_wconf 84' lang='lat' dir='ltr'>Saxonie</span> <span class='ocrx_word' id='word_1_232' title='bbox 635 791 683 808; x_wconf 85' lang='lat' dir='ltr'>quarn</span> 
     </span>
     <span class='ocr_line' id='line_1_31' title="bbox 118 811 683 833; baseline 0 -5"><span class='ocrx_word' id='word_1_233' title='bbox 118 811 216 829; x_wconf 81' lang='lat' dir='ltr'>Alemannie</span> <span class='ocrx_word' id='word_1_234' title='bbox 225 812 322 833; x_wconf 82' lang='lat' dir='ltr'>visitantes,</span> <span class='ocrx_word' id='word_1_235' title='bbox 332 813 349 828; x_wconf 88' lang='lat' dir='ltr'>et</span> <span class='ocrx_word' id='word_1_236' title='bbox 357 812 439 828; x_wconf 78' lang='lat' dir='ltr'>iusticiam</span> <span class='ocrx_word' id='word_1_237' title='bbox 448 811 521 833; x_wconf 78' lang='lat' dir='ltr'>undique</span> <span class='ocrx_word' id='word_1_238' title='bbox 530 811 607 828; x_wconf 81' lang='lat' dir='ltr'>ecclesiis</span> <span class='ocrx_word' id='word_1_239' title='bbox 617 811 683 828; x_wconf 75' lang='lat' dir='ltr'>facien-</span> 
     </span>
     <span class='ocr_line' id='line_1_32' title="bbox 118 835 683 859; baseline 0 -6"><span class='ocrx_word' id='word_1_240' title='bbox 118 838 150 858; x_wconf 87' lang='lat' dir='ltr'>tes,</span> <span class='ocrx_word' id='word_1_241' title='bbox 157 838 198 858; x_wconf 83' lang='lat' dir='ltr'>post</span> <span class='ocrx_word' id='word_1_242' title='bbox 206 836 269 858; x_wconf 81' lang='lat' dir='ltr'>paseha</span> <span class='ocrx_word' id='word_1_243' title='bbox 275 835 327 858; x_wconf 75' lang='lat' dir='ltr'>[marz</span> <span class='ocrx_word' id='word_1_244' title='bbox 335 836 367 859; x_wconf 84' lang='lat'>29]</span> <span class='ocrx_word' id='word_1_245' title='bbox 377 836 463 853; x_wconf 78' lang='lat' dir='ltr'>Coloniam</span> <span class='ocrx_word' id='word_1_246' title='bbox 471 838 557 853; x_wconf 83' lang='lat' dir='ltr'>venerunt.</span> <span class='ocrx_word' id='word_1_247' title='bbox 569 836 600 853; x_wconf 82' lang='lat' dir='ltr'>Uhi</span> <span class='ocrx_word' id='word_1_248' title='bbox 608 841 618 853; x_wconf 84' lang='lat' dir='ltr'>a</span> <span class='ocrx_word' id='word_1_249' title='bbox 628 836 683 853; x_wconf 84' lang='lat' dir='ltr'>Theo-</span> 
     </span>
     <span class='ocr_line' id='line_1_33' title="bbox 119 861 682 882; baseline -0.002 -4"><span class='ocrx_word' id='word_1_250' title='bbox 119 861 176 878; x_wconf 77' lang='lat' dir='ltr'>derico</span> <span class='ocrx_word' id='word_1_251' title='bbox 190 861 286 878; x_wconf 80' lang='lat' dir='ltr'>Coloniensi</span> <span class='ocrx_word' id='word_1_252' title='bbox 298 861 398 878; x_wconf 74' lang='lat' dir='ltr'>arehieleeto</span> <span class='ocrx_word' id='word_1_253' title='bbox 412 863 429 878; x_wconf 89' lang='lat' dir='ltr'>et</span> <span class='ocrx_word' id='word_1_254' title='bbox 440 861 518 878; x_wconf 80' lang='lat' dir='ltr'>universo</span> <span class='ocrx_word' id='word_1_255' title='bbox 531 861 575 878; x_wconf 85' lang='lat' dir='ltr'>clero</span> <span class='ocrx_word' id='word_1_256' title='bbox 584 865 621 877; x_wconf 84' lang='lat' dir='ltr'>cum</span> <span class='ocrx_word' id='word_1_257' title='bbox 630 861 682 882; x_wconf 75' lang='lat' dir='ltr'>gioria</span> 
     </span>
     <span class='ocr_line' id='line_1_34' title="bbox 119 885 683 908; baseline 0 -6"><span class='ocrx_word' id='word_1_258' title='bbox 119 886 194 908; x_wconf 85' lang='lat' dir='ltr'>suscepti</span> <span class='ocrx_word' id='word_1_259' title='bbox 207 887 224 903; x_wconf 88' lang='lat' dir='ltr'>et</span> <span class='ocrx_word' id='word_1_260' title='bbox 236 890 297 907; x_wconf 76' lang='lat' dir='ltr'>magno</span> <span class='ocrx_word' id='word_1_261' title='bbox 307 886 370 903; x_wconf 79' lang='lat' dir='ltr'>honore</span> <span class='ocrx_word' id='word_1_262' title='bbox 381 890 410 908; x_wconf 88' lang='lat' dir='ltr'>per</span> <span class='ocrx_word' id='word_1_263' title='bbox 419 885 455 903; x_wconf 80' lang='lat' dir='ltr'>dies</span> <span class='ocrx_word' id='word_1_264' title='bbox 465 886 559 908; x_wconf 80' lang='lat' dir='ltr'>quindecim</span> <span class='ocrx_word' id='word_1_265' title='bbox 569 887 607 902; x_wconf 84' lang='lat' dir='ltr'>sunt</span> <span class='ocrx_word' id='word_1_266' title='bbox 616 885 683 902; x_wconf 88' lang='lat' dir='ltr'>detenti.</span> 
     </span>
    </p>

    <p class='ocr_par' dir='ltr' id='par_1_6' title="bbox 119 910 683 1032">
     <span class='ocr_line' id='line_1_35' title="bbox 157 910 683 932; baseline -0.002 -4"><span class='ocrx_word' id='word_1_267' title='bbox 157 910 270 928; x_wconf 76' lang='lat' dir='ltr'>Theodericus</span> <span class='ocrx_word' id='word_1_268' title='bbox 278 911 328 932; x_wconf 81' lang='lat' dir='ltr'>igitur</span> <span class='ocrx_word' id='word_1_269' title='bbox 336 910 442 928; x_wconf 77' lang='lat' dir='ltr'>Coloniensis</span> <span class='ocrx_word' id='word_1_270' title='bbox 448 911 512 928; x_wconf 80' lang='lat' dir='ltr'>electus</span> <span class='ocrx_word' id='word_1_271' title='bbox 519 910 590 928; x_wconf 84' lang='lat' dir='ltr'>sabbato</span> <span class='ocrx_word' id='word_1_272' title='bbox 595 912 635 932; x_wconf 84' lang='lat' dir='ltr'>post</span> <span class='ocrx_word' id='word_1_273' title='bbox 641 915 683 932; x_wconf 91' lang='lat' dir='ltr'>pen-</span> 
     </span>
     <span class='ocr_line' id='line_1_36' title="bbox 119 935 681 958; baseline 0 -6"><span class='ocrx_word' id='word_1_274' title='bbox 119 937 196 952; x_wconf 90' lang='lat' dir='ltr'>tecosten</span> <span class='ocrx_word' id='word_1_275' title='bbox 209 935 250 958; x_wconf 91' lang='lat' dir='ltr'>[mai</span> <span class='ocrx_word' id='word_1_276' title='bbox 264 935 297 958; x_wconf 84' lang='lat'>23]</span> <span class='ocrx_word' id='word_1_277' title='bbox 313 940 323 952; x_wconf 84' lang='lat' dir='ltr'>a</span> <span class='ocrx_word' id='word_1_278' title='bbox 335 935 439 952; x_wconf 81' lang='lat' dir='ltr'>Theoderico</span> <span class='ocrx_word' id='word_1_279' title='bbox 453 936 556 952; x_wconf 84' lang='lat' dir='ltr'>Traiectensi</span> <span class='ocrx_word' id='word_1_280' title='bbox 571 936 652 957; x_wconf 82' lang='lat' dir='ltr'>episcopo</span> <span class='ocrx_word' id='word_1_281' title='bbox 665 935 681 951; x_wconf 90' lang='lat' dir='ltr'>in</span> 
     </span>
     <span class='ocr_line' id='line_1_37' title="bbox 119 960 682 982; baseline 0 -5"><span class='ocrx_word' id='word_1_282' title='bbox 119 960 233 982; x_wconf 79' lang='lat' dir='ltr'>presbyterum</span> <span class='ocrx_word' id='word_1_283' title='bbox 244 960 338 982; x_wconf 84' lang='lat' dir='ltr'>ordinatur,</span> <span class='ocrx_word' id='word_1_284' title='bbox 348 962 364 977; x_wconf 81' lang='lat' dir='ltr'>et</span> <span class='ocrx_word' id='word_1_285' title='bbox 373 960 451 982; x_wconf 77' lang='lat' dir='ltr'>sequenti</span> <span class='ocrx_word' id='word_1_286' title='bbox 460 960 551 982; x_wconf 85' lang='lat' dir='ltr'>dominica,</span> <span class='ocrx_word' id='word_1_287' title='bbox 564 960 580 977; x_wconf 88' lang='lat' dir='ltr'>id</span> <span class='ocrx_word' id='word_1_288' title='bbox 589 961 616 977; x_wconf 83' lang='lat' dir='ltr'>est</span> <span class='ocrx_word' id='word_1_289' title='bbox 625 961 682 977; x_wconf 74' lang='lat' dir='ltr'>oetava</span> 
     </span>
     <span class='ocr_line' id='line_1_38' title="bbox 119 984 681 1007; baseline 0.002 -6"><span class='ocrx_word' id='word_1_290' title='bbox 119 986 236 1007; x_wconf 79' lang='lat' dir='ltr'>pentecostes,</span> <span class='ocrx_word' id='word_1_291' title='bbox 246 989 256 1001; x_wconf 83' lang='lat' dir='ltr'>a</span> <span class='ocrx_word' id='word_1_292' title='bbox 265 985 330 1002; x_wconf 86' lang='lat' dir='ltr'>Goardo</span> <span class='ocrx_word' id='word_1_293' title='bbox 339 985 440 1002; x_wconf 79' lang='lat' dir='ltr'>Leodieensi</span> <span class='ocrx_word' id='word_1_294' title='bbox 449 985 523 1002; x_wconf 79' lang='lat' dir='ltr'>antistite</span> <span class='ocrx_word' id='word_1_295' title='bbox 532 985 638 1007; x_wconf 77' lang='lat' dir='ltr'>presentibus</span> <span class='ocrx_word' id='word_1_296' title='bbox 646 984 681 1001; x_wconf 79' lang='lat' dir='ltr'>sus-</span> 
     </span>
     <span class='ocr_line' id='line_1_39' title="bbox 119 1009 548 1032; baseline 0 -6"><span class='ocrx_word' id='word_1_297' title='bbox 119 1009 204 1031; x_wconf 80' lang='lat' dir='ltr'>fraganeis</span> <span class='ocrx_word' id='word_1_298' title='bbox 213 1009 248 1026; x_wconf 88' lang='lat' dir='ltr'>suis</span> <span class='ocrx_word' id='word_1_299' title='bbox 257 1010 274 1026; x_wconf 93' lang='lat' dir='ltr'>in</span> <span class='ocrx_word' id='word_1_300' title='bbox 282 1009 427 1032; x_wconf 78' lang='lat' dir='ltr'>archiepiscopum</span> <span class='ocrx_word' id='word_1_301' title='bbox 436 1011 548 1027; x_wconf 83' lang='lat' dir='ltr'>consecratur.</span> 
     </span>
    </p>

    <p class='ocr_par' dir='ltr' id='par_1_7' title="bbox 119 1034 682 1081">
     <span class='ocr_line' id='line_1_40' title="bbox 156 1034 682 1056; baseline -0.002 -5"><span class='ocrx_word' id='word_1_302' title='bbox 156 1034 195 1056; x_wconf 80' lang='lat' dir='ltr'>Ipso</span> <span class='ocrx_word' id='word_1_303' title='bbox 209 1034 290 1055; x_wconf 79' lang='lat' dir='ltr'>siqnidem</span> <span class='ocrx_word' id='word_1_304' title='bbox 303 1039 348 1051; x_wconf 87' lang='lat' dir='ltr'>anno</span> <span class='ocrx_word' id='word_1_305' title='bbox 361 1034 415 1052; x_wconf 80' lang='lat' dir='ltr'>abbas</span> <span class='ocrx_word' id='word_1_306' title='bbox 427 1034 543 1052; x_wconf 75' lang='lat' dir='ltr'>Cisteroiensis</span> <span class='ocrx_word' id='word_1_307' title='bbox 552 1036 570 1051; x_wconf 83' lang='lat' dir='ltr'>et</span> <span class='ocrx_word' id='word_1_308' title='bbox 578 1034 605 1051; x_wconf 82' lang='lat' dir='ltr'>alii</span> <span class='ocrx_word' id='word_1_309' title='bbox 613 1034 682 1051; x_wconf 73' lang='lat' dir='ltr'>abbates</span> 
     </span>
     <span class='ocr_line' id='line_1_41' title="bbox 119 1057 682 1081; baseline -0.002 -6"><span class='ocrx_word' id='word_1_310' title='bbox 119 1058 194 1076; x_wconf 84' lang='lat' dir='ltr'>eiusdem</span> <span class='ocrx_word' id='word_1_311' title='bbox 208 1058 271 1075; x_wconf 87' lang='lat' dir='ltr'>ordinis</span> <span class='ocrx_word' id='word_1_312' title='bbox 283 1059 341 1076; x_wconf 83' lang='lat' dir='ltr'>iterum</span> <span class='ocrx_word' id='word_1_313' title='bbox 354 1064 364 1076; x_wconf 82' lang='lat' dir='ltr'>a</span> <span class='ocrx_word' id='word_1_314' title='bbox 377 1064 420 1081; x_wconf 80' lang='lat' dir='ltr'>papa</span> <span class='ocrx_word' id='word_1_315' title='bbox 432 1060 449 1076; x_wconf 89' lang='lat' dir='ltr'>in</span> <span class='ocrx_word' id='word_1_316' title='bbox 462 1059 564 1076; x_wconf 81' lang='lat' dir='ltr'>Provinciam</span> <span class='ocrx_word' id='word_1_317' title='bbox 576 1057 682 1077; x_wconf 74' lang='lat' dir='ltr'>oonvertendi</span> 
     </span>
    </p>
   </div>
  </div>
 </body>
</html>
