738 1221
241 74 327 86 unuaunus
338 74 432 85 nunnius.
583 66 619 84 493

51 108 117 125 derieus
126 108 160 125 dux
169 108 237 127 Swevie
246 113 283 125 eum
292 108 329 125 aliis
338 108 440 130 principibus
447 110 463 125 et
472 109 556 131 episeopis
565 109 582 125 in
589 113 618 125 ex·
628 113 660 127 1191

51 133 139 155 peditione
147 133 193 150 obiit
206 132 241 150 Rex
253 133 306 150 Gallie
316 135 333 150 et
343 138 372 150 rex
385 133 445 155 Angue
457 133 581 155 expeditionem
590 137 620 155 per

52 162 96 175 mare
106 159 180 175 movent.
192 157 271 180 Eolypsis
284 158 326 175 solis
339 158 400 175 accidit
409 158 436 175 viii
446 158 477 175 kal.
487 158 521 175 iulii
531 158 574 175 eirea
584 162 620 175 me-

51 182 95 200 diam
104 182 149 199 diem
158 184 175 199 et
184 184 229 199 totus
238 187 267 199 aer
276 183 330 200 faetus
340 184 367 200 est
374 187 472 205 purpureus.

88 207 168 224 M.e.xo.ii.
178 207 296 225 Controversia
305 208 349 225 facta
358 208 401 224 inter
410 212 466 229 regem
476 208 528 225 Gallie
537 209 554 225 et
563 212 620 229 regem

51 231 119 254 Anglie.
132 232 167 249 Rex
176 232 228 249 Gallie
237 233 328 249 revertitur.

88 257 175 274 maxoni.
188 256 286 274 Chunradus
298 257 379 279 marchio,
389 257 417 279 qui
426 261 455 274 rex
464 257 557 274 Jerusalem
567 257 620 274 suerat

52 283 129 304 oreatus,
139 283 157 298 ut
166 281 216 298 fertur
225 282 246 299 de
256 282 334 301 consultu
343 282 389 303 regis
401 281 471 304 Angue,
481 286 491 299 a
500 282 566 299 duobus
575 282 620 299 insi-

53 306 138 323 diantibus
147 306 229 323 oceiditur
238 306 282 329 apud
292 306 394 329 Syndonem.
407 306 511 324 Reiohardus
520 311 549 324 rex
558 306 620 328 Anglie

52 335 94 353 paee,
107 335 144 348 eum
158 331 238 348 saladino
251 332 343 353 oomposita
356 331 377 348 ab
391 331 484 348 Jerusalem
498 332 590 353 revertitur,
603 333 620 348 et

52 360 121 373 suorum
134 356 223 373 destitutus
235 357 320 373 comitatu.
326 356 380 378 pedes
389 357 429 378 aput
438 356 527 373 Wiennam
536 356 620 373 civitatem

52 385 62 397 a
71 380 115 397 duce
124 380 191 397 Austrie
200 380 282 402 Liupoldo
290 383 348 403 eaptus
358 381 436 398 Heinrieo
443 381 537 403 imperatori
546 380 620 398 traditur.

52 405 130 422 Bauwari
138 406 181 422 inter
189 410 208 422 se
217 405 320 423 dissidentes
329 410 396 423 omnem
405 406 491 427 regionem
500 405 579 423 incendio
588 404 620 422 de-

52 431 130 452 vastant
143 430 172 447 ubi
184 430 263 447 Albertus
275 435 331 447 comes
345 430 366 448 de
378 431 437 452 Bogen
450 430 547 447 Ludwicum
560 430 620 447 ducem

52 454 121 476 fugavit
126 455 188 472 auxilio
197 455 300 472 Boemorum.

88 479 111 496 Μ.
113 480 182 497 cxc-iiii.
192 479 264 497 Otacher
273 480 307 497 dux
319 480 387 497 Boemie
399 479 420 496 ab
432 466 511 497 Heinnoo
520 480 619 502 imperatore

51 504 114 521 ducatu
123 508 154 521 suo
163 505 241 526 privatur.

89 529 169 546 Meum.
178 529 271 552 Liupoldus
280 529 314 546 dux
323 528 390 546 Austrie
399 531 416 546 et
421 529 476 551 scyno
482 529 541 551 lapsus
548 528 570 545 de
575 533 619 550 equo

53 558 101 571 crure
112 553 165 571 fracto
179 553 220 571 obiit
231 559 247 571 v.
259 554 291 571 kal.
299 555 368 571 ianuarii
379 553 438 576 [¹294
446 553 482 571 dee⁴
492 553 531 576 28].
544 553 574 570 Cui
584 553 620 570 Fri·-

53 578 120 595 derieus
130 578 173 595 lilius
186 579 222 596 eius
234 579 311 596 succedit
319 579 336 595 in
346 578 422 600 Austria,
432 580 449 595 et
457 578 550 600 Liupoldus
559 578 575 595 in
586 578 620 595 Sti-

52 603 80 621 ria.
93 603 160 620 Mortuo
173 605 228 620 autem
238 604 254 621 in
268 603 381 621 transmarinis
391 603 466 625 partibus
474 603 568 625 Friderico,
577 602 620 620 Liu-

52 628 114 650 poldus
125 628 202 650 possedit
214 629 291 650 utrinque
303 628 390 650 ducatum,
403 628 452 645 homo
463 628 544 649 panificus
556 629 572 644 et
585 628 620 644 vir-

53 654 112 670 tuosus
118 658 122 675 3
131 653 179 670 cuius
188 655 261 675 tempure
270 653 372 670 monasteria
381 653 435 669 clerus
447 654 463 669 et
472 652 544 674 populus
555 652 620 669 in·suis

52 678 143 700 provinciis
156 682 199 700 paee
211 678 282 695 maxima
294 677 400 700 gaudebant,
414 679 431 694 ut
443 677 501 694 merito
512 676 594 699 paeificus
604 678 621 694 ez

52 704 100 724 pater
111 702 150 719 oleri
161 704 254 719 vocaretur.
267 702 330 719 Eodem
343 707 388 719 anno
399 702 487 719 Heinricus
500 702 589 724 imperator
598 701 620 718 de

53 727 153 744 liberatione
163 727 257 744 Jerusalem
265 728 282 744 et
292 727 345 744 sancti
359 727 442 749 sepulchri
453 726 553 743 omnimodis
565 727 621 743 inton-

53 751 162 774 dens,'duas
173 752 236 774 curiasy
249 752 363 769 Geilnhausen
376 756 433 774 unam,
447 751 539 768 Wormatie
547 751 621 773 alteram,

53 777 150 794 celebravit.
163 776 182 793 ln
191 777 252 798 quilius
260 777 298 798 ipso
305 777 404 799 imperatore
415 776 483 793 multum
489 776 585 797 instigante,
594 776 621 792 in-

54 801 110 819 finitus
120 802 236 824 episcoporum
245 803 261 818 et
269 801 338 818 aliorum
348 801 439 823 principum
447 801 530 818 exercitus
541 800 572 817 sibi
580 805 621 817 oru-

52 831 90 843 eern
106 826 159 843 affixit
174 828 191 843 et
202 828 260 843 eontra
273 826 401 843 Sarraeenorum
412 827 480 847 gentem
492 826 523 842 iter
538 825 621 847 arripiunt.

53 850 142 868 Heinrious
154 851 242 873 imperator
255 851 345 868 secundem
357 854 428 868 movens
438 850 454 867 in
464 850 541 872 Apuliam
551 849 621 871 expedi-

53 875 125 898 tionem,
139 876 212 893 terrestri
224 878 241 893 et
253 876 308 892 navali
321 875 411 893 fortissimo
423 876 504 897 apparatu
514 875 565 891 totam
573 873 621 896 Apu-

53 901 92 918 liam
107 902 124 917 et
136 900 214 922 Syoiliam
227 905 264 917 oum
277 900 339 922 palatio
349 900 464 917 Panormitano
474 901 490 916 et
499 899 583 916 thesauris
592 903 621 916 re—

53 930 93 947 gum
110 925 214 947 antiquorum
231 925 298 942 infinitis
312 925 390 947 obtinuit,
403 926 420 941 et
432 924 539 946 Margaritam
552 924 621 945 piratam

53 950 108 972 oepit,
118 951 135 967 et
143 949 185 967 alios
195 954 244 971 quam
251 950 316 972 plures,
326 950 354 971 qui
364 951 421 966 eontra
434 954 471 966 eum
479 949 621 971 conspiraverant,

54 974 127 992 diversis
144 974 231 996 suppliciis
248 975 338 996 interemit,
354 974 404 991 filium
418 973 511 991 Tauehradi
524 975 540 990 et
554 977 621 990 uxorem

54 1000 91 1016 eius
101 999 196 1021 captivavit*
205 999 293 1016 Heinrieus
301 999 335 1016 dux
344 999 434 1021 aliquando
441 999 517 1015 Bawarie
525 999 541 1015 et
548 998 621 1015 Saxouie

54 1024 71 1041 in
80 1024 180 1042 Brunswieh
185 1024 229 1042 obiit.
243 1024 305 1041 Eodem
312 1028 357 1041 anno
365 1028 401 1040 oum
410 1023 498 1040 Massimut
506 1024 523 1040 in
531 1022 621 1045 Hyspaniis

55 1049 97 1066 male
104 1050 197 1071 pugnatum
206 1054 216 1066 a
226 1049 329 1071 christianis,
339 1049 385 1065 multi
394 1053 450 1065 eorum
459 1048 560 1065 interierunt.

91 1074 178 1091 M.c.xe‚vi.
187 1074 283 1096 Imperatrix
293 1074 358 1096 peperit
369 1073 418 1090 fllium
430 1073 457 1095 qui
466 1074 536 1090 vocatus
547 1073 574 1089 est
584 1072 622 1089 Fri-
