738 1221
222 66 286 78 Asuui-es
296 66 422 78 Ancux‘rrxnszs.
570 60 604 77 ¹09

42 101 88 118 Sneri
96 101 167 123 proinde
176 101 200 118 ira
212 101 253 118 moti
263 101 402 123 conspinverunt
410 105 447 118 euni
456 101 529 118 ecclesia
538 103 555 118 et
563 106 604 123 rege
614 104 648 119 im

43 126 114 143 Heinrico
120 139 125 148 ,
134 127 223 143 moventes
232 126 293 143 bellurn
303 126 319 142 in
327 130 384 147 regem
394 125 488 143 Cunradnin
496 127 513 143 et
519 130 560 143 suos
569 126 606 143 snu-

44 153 83 168 tores
94 155 124 172 per
137 150 216 168 Sueviam
229 152 246 167 et
254 151 299 167 circa
308 150 401 167 Danubium
411 152 427 167 et
436 150 505 172 Magum
515 152 532 167 et
540 150 606 173 ubique.

47 172 48 175 ¹
76 176 170 197 Episcopus
187 179 228 192 vero
243 175 381 197 Argentiuensis‚
397 176 463 192 numine
479 175 568 192 Heinrieus
585 175 606 193 de

46 200 148 222 Slabelecloey
161 200 229 217 obsedit
237 200 254 217 in
262 199 327 217 Alsatia
338 200 440 217 munitiones
449 200 512 222 oppida
521 202 537 217 et
546 202 606 223 castra,

47 230 73 247 que
82 225 176 242 Fridericus
185 226 202 242 et
212 225 254 242 [ilius
264 229 304 242 suus
313 225 429 247 possidebant.
442 225 463 242 Et
468 225 606 247 expugnavittir-

47 250 113 267 rnissimn
126 251 143 266 et
155 249 259 267 nobilissima
272 249 306 267 duo
317 251 373 266 castra
382 249 493 266 Wikersheim
503 251 520 266 et
529 249 607 267 Cronen-

47 274 91 296 burg,
101 279 134 296 que
143 274 218 291 funditus
225 274 315 296 destruxit,
324 276 342 291 ct
348 274 381 291 alia
388 274 451 291 minuta
456 276 511 291 castra
518 275 557 296 igne
565 279 607 292 eou-

47 299 114 321 surupsii.
128 299 208 316 Fautores
217 303 258 316 vero
267 299 343 316 eiusdem
352 299 427 321 episcopi
439 301 577 321 expugnaverunt
586 304 607 316 ex

47 324 92 340 altera
100 325 147 345 purte
157 323 209 341 Rheni
218 323 274 341 nobile
283 325 355 340 castrum
359 323 437 345 Mnlberg
446 325 463 340 et
471 325 543 341 castrum
548 324 607 341 Hnsen

47 350 61 365 et
68 348 116 365 inulta
123 348 189 370 oppida.
203 348 275 365 Posibec
279 349 384 370 expugnavit
389 348 433 365 idem
440 349 531 370 episeopus
536 350 607 366 castrum

47 372 144 395 Ortenberg7
154 375 170 390 et
180 373 277 394 subiugavit
285 373 316 390 sibi
325 373 404 395 oppidum
415 372 508 395 Offenburg
517 375 533 390 et
542 373 608 390 Kintzi-

47 397 105 419 gerthal
114 400 130 415 et
141 398 260 419 Gengeubacb.

80 422 165 439 Cunradus
177 425 232 439 autern
245 427 282 444 rex,
296 422 340 439 filins
349 422 436 445 Frideriei,
450 422 510 440 videns
519 422 565 444 qnod
574 427 608 440 nun

47 449 106 469 poterat
117 448 196 464 resistere
209 447 300 464 fautoribus
310 447 393 470 ecclesie,
402 447 449 464 duxit
458 447 507 464 liliam
516 447 563 464 ducis
572 447 608 464 Ba-

47 473 94 494 vane,
107 476 137 494 spe
151 472 217 489 consilii
232 474 249 489 et
262 472 322 489 auxilii.
340 472 375 489 Sed
387 476 444 494 parurn
457 472 520 494 profuit
531 472 555 494 ei,
569 473 608 494 quia

47 496 92 513 Saevi
101 496 201 518 fugaverunt
210 501 247 513 eum
256 496 278 513 de
287 497 354 514 civitate
363 497 381 513 in
390 497 482 519 civitatem,
496 499 513 514 et
521 501 557 514 euni
568 501 607 518 rege

46 521 119 538 lieinrieo
132 521 235 538 obsederunt
247 522 330 538 civitatem
344 521 407 538 Ulmam
420 522 437 538 in
446 522 513 538 Suevia.
530 521 564 539 Sed
573 526 608 538 uon

46 548 188 568 expugnaverunt;
201 548 269 568 propter
282 544 360 567 magnum
373 546 425 568 frigus
435 548 451 563 et
460 546 542 563 desectum
551 546 608 568 pabuli

46 571 128 592 oportebat
137 575 167 588 eos
176 570 255 587 recedere
264 570 285 587 dc
294 571 366 588 civitate⁴
382 570 417 588 Rex
426 573 481 588 aulem
490 571 577 588 Heinricus
587 571 608 588 ab

46 595 88 612 Ulma
96 595 178 613 recedens
187 596 233 613 veuit
241 596 258 612 in
268 595 371 618 Turingiam,
382 597 399 613 et
409 597 481 613 mortuus
493 597 520 613 est
532 600 576 613 anno
586 595 607 612 ah

45 621 155 637 incarnatione
167 620 229 637 domiui
244 620 338 639 m.cc<xl.vii.
351 622 368 638 et
380 625 414 638 non
424 621 500 642 regnavit
508 624 538 643 per
546 625 608 637 annum

45 649 94 662 nuum.

80 669 146 687 Mortuo
159 674 200 687 vero
213 670 291 687 Heinrico
301 675 350 692 rege,
362 670 470 687 Innocentius
479 675 523 692 papa
536 674 565 692 pro
575 669 608 687 ulio

46 699 82 716 rege
90 695 187 717 laborabat,
197 697 213 711 et
222 695 265 712 inter
273 695 357 717 principes
369 700 403 712 nun
413 695 476 712 invenit
485 695 567 717 aliquemy
580 695 608 716 qui

45 723 61 736 se
69 719 90 736 de
103 724 157 741 regno
170 719 221 736 vellet
233 720 341 736 intromittere
355 721 412 737 eontra
423 720 523 737 Fridericum
532 721 549 736 et
558 719 608 736 silium

45 748 88 761 suum
98 744 197 761 Cunraduni.
216 744 290 761 Tandem
303 744 338 761 dux
346 744 435 763 Brabantie
445 744 495 761 lilium
504 745 568 761 sororis
577 748 608 761 sue

45 768 147 786 Wilbelmnrn
155 769 231 786 comitem
239 769 323 786 Rolandie
330 769 398 786 domino
405 774 447 791 pape
455 770 472 786 et
478 769 563 791 episeopis
567 768 608 786 Ale-

44 794 107 810 mannie
115 794 223 816 presentavit
231 793 284 814 Quem
291 794 367 816 episcopi
377 794 464 815 elegerunt
473 794 489 811 in
498 798 555 815 regern
564 793 609 815 apud

44 817 136 840 Coloniam,
148 819 264 840 promittentes
274 819 289 835 ei
298 819 391 836 iuramento
404 819 473 841 prestito
483 818 533 835 rebus
542 820 559 835 et
568 823 608 840 pcr-

44 843 88 860 souis
97 843 169 860 fideliter
178 844 262 860 assistere.
275 843 306 863 Qui
315 848 351 860 cuni
361 844 446 865 episcopis
455 843 542 860 comitibus
551 845 568 860 et
577 847 609 860 no-

44 867 102 885 bilibus
111 868 179 885 obsedit
188 867 311 889 Aquisgranum
320 870 337 885 et
346 868 457 885 firmissimum
466 870 538 885 castrum
546 867 608 884 Werde

44 892 58 909 in
73 892 124 910 fluvio
137 892 191 909 Rheni
205 894 222 909 et
231 893 340 914 lngelnbeiru
350 892 386 913 Que
396 893 451 910 omnia
464 892 495 910 sibi
509 892 609 914 subiugavit

44 917 111 934 Colonia
127 917 215 939 Moguntin
231 919 247 934 et
262 917 354 939 Argentiua
367 917 439 934 ecclesie
454 917 563 938 assistebant3
577 917 609 934 sed

44 941 134 959 Wnrmntia
147 942 195 963 Spira
209 943 225 959 et
234 942 265 959 alie
275 942 351 959 civitates
364 944 381 959 et
390 942 451 964 oppida
459 942 512 958 Rheni
522 941 584 959 Suevio
592 943 609 959 ei

44 966 111 983 Bavarie
121 968 138 983 et
147 966 198 983 Metis
212 966 290 984 favebant
299 967 382 984 Friderico
392 968 407 983 ei
418 967 450 984 filio
460 971 492 983 suo
502 966 533 983 sub
542 966 609 983 vinculo

44 991 223 1008 exeommunicaiionis.
236 991 256 1008 Et
266 996 321 1009 eorum
331 991 388 1009 favore
398 991 484 1008 Cunradus
493 993 542 1008 natus
552 991 609 1008 Fride-

44 1016 70 1033 rici
80 1017 131 1033 tenuit
139 1016 202 1033 bellum
212 1019 269 1033 contra
278 1016 372 1039 ecclesiam,
382 1018 399 1033 et
409 1018 468 1033 terram
477 1016 609 1033 adversariorum

43 1045 106 1058 suorum
120 1041 217 1060 devastavit
228 1041 307 1059 incendio
317 1043 333 1058 et
342 1041 399 1064 rapina
409 1045 461 1063 usquc
471 1041 492 1058 ad
501 1043 569 1058 mortem
578 1045 609 1062 pa-

43 1066 70 1082 tris
78 1066 103 1083 sui
112 1066 198 1084 Friderici.
