738 1221
124 68 157 84 102
300 75 366 86 Annus
376 75 503 87 Αιειυτηιικειε.

82 113 115 126 120⁰
124 109 168 126 bona
178 109 285 126 confessione
300 111 317 126 et
329 109 381 131 longa
393 109 486 131 egritudine
499 109 544 132 apud
556 109 650 126 Bisuntium
661 109 694 127 de-

122 134 200 156 iungitur.

160 158 209 176 Anno
219 158 281 175 domini
294 159 350 175 ur.cc.i.
366 159 500 180 preclarissimus
515 159 593 181 princeps
605 159 694 181 Philippus

123 188 179 201 rursus
197 183 288 200 exercitum
304 183 387 205 colligens
401 183 489 200 Mosellam
503 184 587 206 transivit,
604 184 693 200 Coloniam

123 208 199 230 obsedit,
208 208 303 225 Bruuonetn
312 209 410 230 episcopum
419 209 468 230 cepit,
478 210 495 225 et
504 209 528 225 sie
537 209 621 225 civitatem
634 210 651 225 et
665 210 694 225 to-

123 235 155 250 tam
165 233 267 255 provinciam
276 232 298 249 ad
307 232 409 250 deditionem
418 233 479 255 coegit.
497 233 558 250 Postea
566 233 693 255 Aquisgranum

123 258 193 275 veniens
206 262 242 274 eum
254 258 309 274 multis
323 257 424 280 principibus
437 258 454 275 in
467 258 517 280 sede,
530 262 564 275 una
577 262 614 275 oum
627 262 693 280 regma,

123 283 170 304 regni
180 282 229 304 sedit,
238 287 259 299 ao
267 282 328 299 deinde
337 287 417 304 prospere
426 283 447 299 ad
456 283 523 304 propria
532 282 585 300 rediit.

160 306 210 324 Anno
223 307 285 324 insu-hii⁴
301 307 388 324 Cunmdus
401 307 492 329 episcopus
503 307 633 329 Argentinensis
647 307 695 324 obiit,

124 332 153 349 Cui
167 331 254 348 l-leinricus
268 331 289 348 de
298 331 383 353 Veringen
397 332 486 349 suecessit.
507 332 538 349 llic
554 332 633 354 religiose
648 332 695 354 cepit

125 357 182 373 vivere
195 358 211 373 ot
223 361 292 378 guerras
305 358 322 373 et
337 357 389 378 prelia
402 356 491 374 declinare.
509 357 549 379 lpso
559 358 641 379 tempore,
653 361 693 374 eum

124 381 175 398 sedes
184 381 322 402 Moguntinensis
331 383 378 398 esset
386 381 403 398 in
413 386 472 404 errore,
482 382 510 398 vix
519 386 529 398 a
537 381 605 398 domino
613 381 693 403 Aposto-

124 406 156 423 lioo
169 406 253 423 licentiam
262 406 371 423 ordinationis
386 410 416 423 sue
428 407 525 428 impetravit.
545 406 620 423 Tandem
631 407 650 423 ut
659 406 694 423 Se-

124 431 205 448 nonensis
218 431 355 453 archiepiscopus
368 431 423 453 ipsum
436 433 551 453 consecraret,
570 432 598 448 vix
613 431 694 453 obtinuit,

124 460 168 472 anno
181 456 243 472 domini
256 456 329 473 m.oo.vii.
349 455 380 476 Qui
392 456 409 472 in
422 457 521 478 pentecoste
531 455 573 478 [iun.
583 455 615 478 ¹0]
629 456 647 472 in
659 455 694 473 Ar-

124 481 193 502 gentina
202 480 289 497 celebrans
299 480 372 502 ordines,
381 481 408 497 xri
418 481 449 498 kal.
458 480 492 497 iulii
503 480 545 503 [iun.
555 480 587 503 16]
597 480 631 497 lere
641 480 694 502 quin-

124 506 186 526 gentos
195 505 265 521 clericos
274 505 356 522 ordinavit
364 506 381 522 et
390 506 495 522 consecravit
500 511 504 527 ;
514 509 577 522 summa
584 509 624 522 vero
634 509 694 522 sacer-

124 529 181 546 dotum
194 531 260 546 centum
273 531 290 546 ct
299 531 370 551 quatuor
379 530 437 547 extitit.
457 530 496 552 Ipsa
508 530 535 547 die
545 530 693 547 christianissimus

124 558 153 571 rex
162 554 247 576 Philippus
256 554 272 571 in
282 554 322 571 urbe
331 554 361 571 suit
369 559 406 571 cum
415 555 516 577 principibus
526 555 566 572 suis.

161 578 211 595 Anno
224 578 286 595 domini
298 579 378 596 m.c‹·.viii.
391 584 427 596 cum
439 580 524 601 piissimus
537 584 565 596 rex
576 579 662 601 Philippus
675 579 693 596 iu

124 603 210 626 procinctu
223 604 285 621 itineris
295 605 341 621 esset
352 604 402 621 eundi
414 605 431 621 in
440 604 539 627 Saxoniam,
552 606 570 621 ut
579 602 583 613 ¹
593 604 657 621 diutina
670 604 693 621 ihi

125 628 174 645 linem
183 629 258 650 accipere
268 628 344 651 deberet,
358 630 408 650 atque
418 629 518 651 Bahenhei'g
530 629 606 646 venisset
618 630 636 646 et
649 629 694 646 mili-

125 654 158 670 tum
167 653 283 670 collectionem
293 655 394 676 expectaret,
399 654 455 676 ibique
464 658 524 671 venam
533 653 620 671 incidisset
629 655 646 671 et
655 658 694 671 eum

125 677 223 699 quibusdam
232 678 279 699 regui
289 678 366 695 fidelibus
375 679 391 695 in
401 680 466 696 secreto
475 678 514 696 loco
522 679 579 701 palatii
588 679 694 700 quiesceret:

125 702 209 719 Palatinus
219 702 240 719 de
251 702 364 724 Witelsbach,
374 704 402 725 qui
411 703 483 720 lubricus
493 705 528 720 erat
537 705 554 720 et
563 703 649 720 multorum
659 708 693 720 no-

125 726 181 743 bilium
190 727 277 749 homicida,
286 728 357 744 veniens
366 728 410 744 sicut
422 727 451 745 diu
462 728 519 745 dolum
532 728 549 745 in
562 727 612 745 corde
628 732 693 745 conoe-

125 753 180 773 perat,
194 752 276 768 introitum
286 752 332 774 petiit
345 754 362 769 et
374 753 476 774 impetravit,
491 752 551 775 spatha
560 754 634 770 extracta
643 753 694 774 quasi

125 776 207 793 ioculator
215 776 271 793 ludum
280 777 371 799 simulans,
381 779 430 794 nacta
442 777 565 799 opportunitate
579 782 634 799 regem
647 778 694 794 circa

125 801 206 818 cen-icem
215 802 306 824 percussit,
319 803 336 818 et
348 802 403 819 statim
415 801 473 823 sugere
483 802 532 824 cepit.
549 802 570 819 Et
582 802 603 819 de
616 802 650 819 ictu
663 802 694 819 illo

125 826 174 842 vitam
184 825 240 843 finivit.
257 826 321 848 Corpus
335 826 410 844 eiusdem
421 826 482 844 ibidem
491 827 575 849 humatur,
591 826 622 844 sed
631 828 694 849 postea

126 851 201 867 revoluto
217 852 291 873 tempore
304 855 314 868 a
326 851 408 868 Friderico
422 856 462 873 rege
480 851 544 873 Spiram
556 851 577 869 ad
591 852 693 874 sepulturam

126 875 188 896 regiam
197 880 238 892 ossa
252 875 367 897 deportantur,
380 880 400 893 an
409 876 483 897 gloriose
492 876 514 893 ibi
524 876 628 893 tumulantur.
646 876 694 893 Mar-

126 899 203 916 sohaleus
212 905 253 917 vero
266 900 287 917 de
297 900 372 917 Calathin
381 901 425 917 illurn
439 905 542 923 persequens
555 901 599 923 apud
609 900 693 923 quandam

125 925 211 945 grangiam
225 925 274 941 sitam
289 925 333 947 apud
342 925 436 942 Danubium
448 926 519 946 occidit,
533 927 549 943 et
561 927 611 948 eaput
624 926 661 942 eius
675 926 693 942 in

125 953 185 970 aquam
194 950 268 971 proiecit.
281 949 345 971 Regina
354 954 394 967 vero
403 950 460 967 audita
466 951 520 973 ipsius
528 952 585 973 morie,
593 952 609 968 et
617 950 694 967 sentiens

126 973 191 990 unicum
205 974 282 991 solatium
294 974 310 991 in
324 979 344 991 eo
358 975 397 996 quia
410 975 498 997 peregrina
511 977 546 992 erat
558 975 662 998 perdidisse,
676 977 694 992 et

126 1002 162 1014 cum
176 1000 223 1015 esset
239 1003 323 1020 pregnans
337 999 412 1017 dolorem
426 1000 478 1017 dolori
492 1000 587 1022 cumulans,
604 999 626 1017 ad
638 1000 693 1022 Stoup

126 1024 197 1040 castrum
210 1023 282 1041 deducta
298 1026 372 1041 osteum
386 1024 498 1042 testinatione.
518 1025 548 1042 Ubi
562 1026 601 1047 post
609 1024 693 1042 modicum

126 1049 191 1069 tempus
204 1048 279 1065 abortum
292 1049 336 1066 fecit*
352 1049 373 1066 Et
385 1050 409 1066 sie
419 1050 468 1067 vitam
478 1054 515 1067 cum
525 1050 559 1067 selu
572 1049 633 1072 finivit,
646 1049 694 1067 etad

144 1075 159 1091 1)
168 1079 216 1092 guerra
225 1075 258 1089 oder
266 1075 289 1089 ein
298 1075 367 1090 ihnliches
377 1079 412 1090 worn
420 1076 457 1090 suarm⁴
